@ONLINE{i1006789,
    BOOKTITLE           = "Oracle Database Administrator's Guide",
    SUBTITLE            = "Creating and Maintaining a Password File",
    CHAPTER             = "1",
    URL                 = "http://docs.oracle.com/cd/E11882_01/server.112/e25494/dba.htm#i1006789",
    EDITION             = "11g R2",
    KEYWORDS            = "oraadminguide"
}

@ONLINE{ADMIN12327,
    BOOKTITLE           = "Oracle Database Administrator's Guide",
    SUBTITLE            = "Encrypted Tablespaces",
    CHAPTER             = "14",
    URL                 = "http://docs.oracle.com/cd/E11882_01/server.112/e25494/tspaces.htm#ADMIN12327",
    EDITION             = "11g R2",
    KEYWORDS            = "oraadminguide"
}

@ONLINE{BRADV89537,
    BOOKTITLE           = "Oracle Database Backup and Recovery User's Guide",
    SUBTITLE            = "Using Block Change Tracking to Improve Incremental Backup Performance",
    CHAPTER             = "9",
    URL                 = "http://docs.oracle.com/cd/E11882_01/server.112/e25494/tspaces.htm#BRADV89537",
    EDITION             = "11g R2",
    KEYWORDS            = "brusersguide"
}

@ONLINE{i1006534, 
    BOOKTITLE           = "Oracle Database Administrator's Guide", 
    SUBTITLE            = "Database Administrator Authentication",
    CHAPTER             = "1",
    URL                 = "http://docs.oracle.com/cd/E11882_01/server.112/e25494/dba.htm#i1006534",
    EDITION             = "11g R2",
    KEYWORDS            = "oraadminguide"
}

@ONLINE{ADMIN10241, 
    BOOKTITLE           = "Oracle Database Administrator's Guide", 
    SUBTITLE            = "Creating and Maintaining a Password File",
    CHAPTER             = "1",
    URL                 = "http://docs.oracle.com/cd/E11882_01/server.112/e25494/dba.htm#ADMIN10241",
    EDITION             = "11g R2",
    KEYWORDS            = "oraadminguide"
}
    
@ONLINE{i1006088,
    BOOKTITLE           = "Oracle Database Administrator's Guide",
    SUBTITLE            = "Managing Control Files",
    CHAPTER             = "11",
    URL                 = "http://docs.oracle.com/cd/E11882_01/server.112/e25494/control.htm#i1006088",
    EDITION             = "11g R2",
    KEYWORDS            = "oraadminguide"
}

@ONLINE{i1007132,
    BOOKTITLE           = "Oracle Database Administrator's Guide",
    SUBTITLE            = "Managing Indexes",
    CHAPTER             = "21",
    URL                 = "http://docs.oracle.com/cd/E11882_01/server.112/e25494/indexes.htm#i1007132",
    EDITION             = "11g R2",
    KEYWORDS            = "oraadminguide"
}

@ONLINE{i1007497,
    BOOKTITLE           = "Oracle Database Administrator's Guide",
    SUBTITLE            = "Managing The Redo Log",
    CHAPTER             = "12",
    URL                 = "http://docs.oracle.com/cd/E11882_01/server.112/e25494/onlineredo.htm#i1007497",
    EDITION             = "11g R2",
    KEYWORDS            = "oraadminguide"
}

@ONLINE{ADMIN015,
    BOOKTITLE           = "Oracle Database Administrator's Guide",
    SUBTITLE            = "Managing Tables",
    CHAPTER             = "20",
    URL                 = "http://docs.oracle.com/cd/E11882_01/server.112/e25494/tables.htm#ADMIN015",
    EDITION             = "11g R2",
    KEYWORDS            = "oraadminguide"
}

@ONLINE{sthref938,
    BOOKTITLE           = "Oracle Database Administrator's Guide",
    SUBTITLE            = "Terminating Sessions",
    CHAPTER             = "5",
    URL                 = "http://docs.oracle.com/cd/E11882_01/server.112/e25494/manproc.htm#sthref938",
    EDITION             = "11g R2",
    KEYWORDS            = "oraadminguide"
}

@ONLINE{i1006091,
    BOOKTITLE           = "Oracle Database Administrator's Guide",
    SUBTITLE            = "Starting Up And Shutting Down",
    CHAPTER             = "3",
    URL                 = "http://docs.oracle.com/cd/E11882_01/server.112/e25494/start.htm#i1006091",
    EDITION             = "11g R2",
    KEYWORDS            = "oraadminguide"
}

@ONLINE{BABFGEHJ,
    BOOKTITLE           = "Oracle Database Administrator's Guide",
    SUBTITLE            = "Deleting User Accounts",
    CHAPTER             = "2",
    URL                 = "http://docs.oracle.com/cd/E11882_01/network.112/e36292/users.htm#BABFGEHJ",
    EDITION             = "11g R2",
    KEYWORDS            = "oraadminguide"
}

% Oracle Database Concepts oradbconcepts

@ONLINE{CNCPT1237,
    BOOKTITLE           = "Oracle Database Concepts 11g Release 2",
    SUBTITLE            = "Memory Architecture",
    CHAPTER             = "14",
    URL                 = "http://docs.oracle.com/cd/E11882_01/server.112/e25789/memory.htm#CNCPT1237",
    EDITION             = "11g R2",
    KEYWORDS            = "oradbconcepts"
}

@ONLINE{CNCPT005,
    BOOKTITLE           = "Oracle Database Concepts 11g Release 2",
    SUBTITLE            = "Oracle Database Instance",
    CHAPTER             = "13",
    URL                 = "http://docs.oracle.com/cd/E11882_01/server.112/e40540/startup.htm#CNCPT005",
    EDITION             = "11g R2",
    KEYWORDS            = "oradbconcepts"
}

@ONLINE{CNCPT020,
    BOOKTITLE           = "Oracle Database Concepts 11g Release 2",
    SUBTITLE            = "Data Concurrency and Consistency",
    CHAPTER             = "9",
    URL                 = "http://docs.oracle.com/cd/E11882_01/server.112/e40540/consist.htm#CNCPT020",
    EDITION             = "11g R2",
    KEYWORDS            = "oradbconcepts"
}

@ONLINE{i2112,
    BOOKTITLE           = "Oracle Database Concepts 11g Release 2",
    SUBTITLE            = "Data Dictionary and Dynamic Performance Views",
    CHAPTER             = "6",
    URL                 = "http://docs.oracle.com/cd/E11882_01/server.112/e40540/datadict.htm#i2112",
    EDITION             = "11g R2",
    KEYWORDS            = "oradbconcepts"
}

% Oracle Database Reference oradbref

@ONLINE{REFRN10004, 
    BOOKTITLE           = "Oracle Database Reference 11g Release 2", 
    SUBTITLE            = "Initializationparameter audit\_file\_dest",
    CHAPTER             = "1",
    URL                 = "http://docs.oracle.com/cd/E11882_01/server.112/e40402/initparams014.htm#REFRN10004",
    EDITION             = "11g R2",
    KEYWORDS            = "oradbref"}

@ONLINE{REFRN10005, 
    BOOKTITLE           = "Oracle Database Reference 11g Release 2", 
    SUBTITLE            = "Initializationparameter audit\_sys\_operations",
    CHAPTER             = "1",
    URL                 = "http://docs.oracle.com/cd/E11882_01/server.112/e40402/initparams015.htm#REFRN10005",
    EDITION             = "11g R2",
    KEYWORDS            = "oradbref"}

@ONLINE{REFRN10006, 
    BOOKTITLE           = "Oracle Database Reference 11g Release 2", 
    SUBTITLE            = "Initializationparameter audit\_trail",
    CHAPTER             = "1",
    URL                 = "http://docs.oracle.com/cd/E11882_01/server.112/e40402/initparams017.htm#i1125027",
    EDITION             = "11g R2",
    KEYWORDS            = "oradbref"}

@ONLINE{REFRN10019, 
    BOOKTITLE           = "Oracle Database Reference 11g Release 2", 
    SUBTITLE            = "Initializationparameter compatible",
    CHAPTER             = "1",
    URL                 = "http://docs.oracle.com/cd/E11882_01/server.112/e40402/initparams035.htm#REFRN10019",
    EDITION             = "11g R2",
    KEYWORDS            = "oradbref"}

@ONLINE{REFRN10021, 
    BOOKTITLE           = "Oracle Database Reference 11g Release 2", 
    SUBTITLE            = "Initializationparameter control\_files",
    CHAPTER             = "1",
    URL                 = "http://docs.oracle.com/cd/E11882_01/server.112/e40402/initparams037.htm#REFRN10021",
    EDITION             = "11g R2",
    KEYWORDS            = "oradbref"}

@ONLINE{sthref135, 
    BOOKTITLE           = "Oracle Database Reference 11g Release 2", 
    SUBTITLE            = "Initializationparameter control\_file\_record\_keep\_time",
    CHAPTER             = "1",
    URL                 = "http://docs.oracle.com/cd/E11882_01/server.112/e40402/initparams036.htm#sthref135",
    EDITION             = "11g R2",
    KEYWORDS            = "oradbref"}

@ONLINE{REFRN10029, 
    BOOKTITLE           = "Oracle Database Reference 11g Release 2", 
    SUBTITLE            = "Initializationparameter db\_block\_checking",
    CHAPTER             = "1",
    URL                 = "http://docs.oracle.com/cd/E11882_01/server.112/e40402/initparams048.htm#REFRN10029",
    EDITION             = "11g R2",
    KEYWORDS            = "oradbref"}

@ONLINE{REFRN10030, 
    BOOKTITLE           = "Oracle Database Reference 11g Release 2", 
    SUBTITLE            = "Initializationparameter db\_block\_checksum",
    CHAPTER             = "1",
    URL                 = "http://docs.oracle.com/cd/E11882_01/server.112/e40402/initparams049.htm#REFRN10030",
    EDITION             = "11g R2",
    KEYWORDS            = "oradbref"}

@ONLINE{REFRN10031, 
    BOOKTITLE           = "Oracle Database Reference 11g Release 2", 
    SUBTITLE            = "Initializationparameter db\_block\_size",
    CHAPTER             = "1",
    URL                 = "http://docs.oracle.com/cd/E11882_01/server.112/e40402/initparams050.htm#REFRN10031",
    EDITION             = "11g R2",
    KEYWORDS            = "oradbref"}

@ONLINE{REFRN10033, 
    BOOKTITLE           = "Oracle Database Reference 11g Release 2", 
    SUBTITLE            = "Initializationparameter db\_cache\_size",
    CHAPTER             = "1",
    URL                 = "http://docs.oracle.com/cd/E11882_01/server.112/e40402/initparams052.htm#REFRN10033",
    EDITION             = "11g R2",
    KEYWORDS            = "oradbref"}

@ONLINE{REFRN10268, 
    BOOKTITLE           = "Oracle Database Reference 11g Release 2", 
    SUBTITLE            = "Initializationparameter db\_lost\_write\_protect",
    CHAPTER             = "1",
    URL                 = "http://docs.oracle.com/cd/E11882_01/server.112/e40402/initparams063.htm#REFRN10268",
    EDITION             = "11g R2",
    KEYWORDS            = "oradbref"}

@ONLINE{REFRN10295, 
    BOOKTITLE           = "Oracle Database Reference 11g Release 2", 
    SUBTITLE            = "Initializationparameter db\_ultra\_safe",
    CHAPTER             = "1",
    URL                 = "http://docs.oracle.com/cd/E11882_01/server.112/e40402/initparams069.htm#REFRN10295",
    EDITION             = "11g R2",
    KEYWORDS            = "oradbref"}

@ONLINE{REFRN10061, 
    BOOKTITLE           = "Oracle Database Reference 11g Release 2", 
    SUBTITLE            = "Initializationparameter filesystemio\_options",
    CHAPTER             = "1",
    URL                 = "http://docs.oracle.com/cd/E11882_01/server.112/e40402/initparams094.htm#REFRN10061",
    EDITION             = "11g R2",
    KEYWORDS            = "oradbref"}

@ONLINE{REFRN10075, 
    BOOKTITLE           = "Oracle Database Reference 11g Release 2", 
    SUBTITLE            = "Initializationparameter java\_pool\_size",
    CHAPTER             = "1",
    URL                 = "http://docs.oracle.com/cd/E11882_01/server.112/e40402/initparams110.htm#REFRN10075",
    EDITION             = "11g R2",
    KEYWORDS            = "oradbref"}

@ONLINE{REFRN10078, 
    BOOKTITLE           = "Oracle Database Reference 11g Release 2", 
    SUBTITLE            = "Initializationparameter large\_pool\_size",
    CHAPTER             = "1",
    URL                 = "http://docs.oracle.com/cd/E11882_01/server.112/e40402/initparams113.htm#REFRN10078",
    EDITION             = "11g R2",
    KEYWORDS            = "oradbref"}

@ONLINE{REFRN10079, 
    BOOKTITLE           = "Oracle Database Reference 11g Release 2", 
    SUBTITLE            = "Initializationparameter license\_max\_session",
    CHAPTER             = "1",
    URL                 = "http://docs.oracle.com/cd/E11882_01/server.112/e40402/initparams116.htm#REFRN10079",
    EDITION             = "11g R2",
    KEYWORDS            = "oradbref"}

@ONLINE{REFRN10086, 
    BOOKTITLE           = "Oracle Database Reference 11g Release 2", 
    SUBTITLE            = "Initializationparameter log\_archive\_dest\_n",
    CHAPTER             = "1",
    URL                 = "http://docs.oracle.com/cd/E11882_01/server.112/e40402/initparams125.htm#REFRN10086",
    EDITION             = "11g R2",
    KEYWORDS            = "oradbref"}

@ONLINE{REFRN10089, 
    BOOKTITLE           = "Oracle Database Reference 11g Release 2", 
    SUBTITLE            = "Initializationparameter log\_archive\_format",
    CHAPTER             = "1",
    URL                 = "http://docs.oracle.com/cd/E11882_01/server.112/e40402/initparams128.htm#REFRN10089",
    EDITION             = "11g R2",
    KEYWORDS            = "oradbref"}

@ONLINE{REFRN10090, 
    BOOKTITLE           = "Oracle Database Reference 11g Release 2", 
    SUBTITLE            = "Initializationparameter log\_archive\_max\_processes",
    CHAPTER             = "1",
    URL                 = "http://docs.oracle.com/cd/E11882_01/server.112/e40402/initparams130.htm#REFRN10090",
    EDITION             = "11g R2",
    KEYWORDS            = "oradbref"}

@ONLINE{REFRN10091, 
    BOOKTITLE           = "Oracle Database Reference 11g Release 2", 
    SUBTITLE            = "Initializationparameter log\_archive\_min\_succeed\_dest",
    CHAPTER             = "1",
    URL                 = "http://docs.oracle.com/cd/E11882_01/server.112/e40402/initparams131.htm#REFRN10091",
    EDITION             = "11g R2",
    KEYWORDS            = "oradbref"}

@ONLINE{REFRN10094, 
    BOOKTITLE           = "Oracle Database Reference 11g Release 2", 
    SUBTITLE            = "Initializationparameter log\_buffer",
    CHAPTER             = "1",
    URL                 = "http://docs.oracle.com/cd/E11882_01/server.112/e40402/initparams133.htm#REFRN10094",
    EDITION             = "11g R2",
    KEYWORDS            = "oradbref"}

@ONLINE{REFRN10284, 
    BOOKTITLE           = "Oracle Database Reference 11g Release 2", 
    SUBTITLE            = "Initializationparameter memory\_max\_target",
    CHAPTER             = "1",
    URL                 = "http://docs.oracle.com/cd/E11882_01/server.112/e40402/initparams142.htm#REFRN10284",
    EDITION             = "11g R2",
    KEYWORDS            = "oradbref"}

@ONLINE{REFRN10285, 
    BOOKTITLE           = "Oracle Database Reference 11g Release 2", 
    SUBTITLE            = "Initializationparameter memory\_target",
    CHAPTER             = "1",
    URL                 = "http://docs.oracle.com/cd/E11882_01/server.112/e40402/initparams143.htm#REFRN10285",
    EDITION             = "11g R2",
    KEYWORDS            = "oradbref"}

@ONLINE{REFRN10123, 
    BOOKTITLE           = "Oracle Database Reference 11g Release 2", 
    SUBTITLE            = "Initializationparameter nls\_language",
    CHAPTER             = "1",
    URL                 = "http://docs.oracle.com/cd/E11882_01/server.112/e40402/initparams151.htm#REFRN10123",
    EDITION             = "11g R2",
    KEYWORDS            = "oradbref"}

@ONLINE{REFRN10133, 
    BOOKTITLE           = "Oracle Database Reference 11g Release 2", 
    SUBTITLE            = "Initializationparameter o7\_dictionary\_accessibility",
    CHAPTER             = "1",
    URL                 = "http://docs.oracle.com/cd/E11882_01/server.112/e40402/initparams159.htm#REFRN10133",
    EDITION             = "11g R2",
    KEYWORDS            = "oradbref"}

@ONLINE{REFRN10165, 
    BOOKTITLE           = "Oracle Database Reference 11g Release 2", 
    SUBTITLE            = "Initializationparameter pga\_aggregate\_target",
    CHAPTER             = "1",
    URL                 = "http://docs.oracle.com/cd/E11882_01/server.112/e40402/initparams193.htm#REFRN10165",
    EDITION             = "11g R2",
    KEYWORDS            = "oradbref"}

@ONLINE{REFRN10264, 
    BOOKTITLE           = "Oracle Database Reference 11g Release 2", 
    SUBTITLE            = "Initializationparameter recyclebin",
    CHAPTER             = "1",
    URL                 = "http://docs.oracle.com/cd/E11882_01/server.112/e40402/initparams208.htm#REFRN10264",
    EDITION             = "11g R2",
    KEYWORDS            = "oradbref"}

@ONLINE{REFRN10184, 
    BOOKTITLE           = "Oracle Database Reference 11g Release 2", 
    SUBTITLE            = "Initializationparameter remote\_login\_passwordfile",
    CHAPTER             = "1",
    URL                 = "http://docs.oracle.com/cd/E11882_01/server.112/e40402/initparams212.htm#REFRN10184",
    EDITION             = "11g R2",
    KEYWORDS            = "oradbref"}

@ONLINE{REFRN10298, 
    BOOKTITLE           = "Oracle Database Reference 11g Release 2", 
    SUBTITLE            = "Initializationparameter result\_cache\_max\_result",
    CHAPTER             = "1",
    URL                 = "http://docs.oracle.com/cd/E11882_01/server.112/e40402/initparams219.htm#REFRN10298",
    EDITION             = "11g R2",
    KEYWORDS            = "oradbref"}

@ONLINE{REFRN10272, 
    BOOKTITLE           = "Oracle Database Reference 11g Release 2", 
    SUBTITLE            = "Initializationparameter result\_cache\_max\_size",
    CHAPTER             = "1",
    URL                 = "http://docs.oracle.com/cd/E11882_01/server.112/e40402/initparams220.htm#REFRN10272",
    EDITION             = "11g R2",
    KEYWORDS            = "oradbref"}

@ONLINE{REFRN10270, 
    BOOKTITLE           = "Oracle Database Reference 11g Release 2", 
    SUBTITLE            = "Initializationparameter result\_cache\_mode",
    CHAPTER             = "1",
    URL                 = "http://docs.oracle.com/cd/E11882_01/server.112/e40402/initparams221.htm#REFRN10270",
    EDITION             = "11g R2",
    KEYWORDS            = "oradbref"}

@ONLINE{REFRN10294, 
    BOOKTITLE           = "Oracle Database Reference 11g Release 2", 
    SUBTITLE            = "Initializationparameter result\_cache\_remote\_expiration",
    CHAPTER             = "1",
    URL                 = "http://docs.oracle.com/cd/E11882_01/server.112/e40402/initparams222.htm#REFRN10294",
    EDITION             = "11g R2",
    KEYWORDS            = "oradbref"}

@ONLINE{REFRN10299, 
    BOOKTITLE           = "Oracle Database Reference 11g Release 2", 
    SUBTITLE            = "Initializationparameter sec\_case\_sensitive\_logon",
    CHAPTER             = "1",
    URL                 = "http://docs.oracle.com/cd/E11882_01/server.112/e40402/initparams225.htm#REFRN10299",
    EDITION             = "11g R2",
    KEYWORDS            = "oradbref"}

@ONLINE{REFRN10274, 
    BOOKTITLE           = "Oracle Database Reference 11g Release 2", 
    SUBTITLE            = "Initializationparameter sec\_max\_failed\_login\_attempts",
    CHAPTER             = "1",
    URL                 = "http://docs.oracle.com/cd/E11882_01/server.112/e40402/initparams226.htm#REFRN10274",
    EDITION             = "11g R2",
    KEYWORDS            = "oradbref"}

@ONLINE{REFRN10198, 
    BOOKTITLE           = "Oracle Database Reference 11g Release 2", 
    SUBTITLE            = "Initializationparameter sga\_max\_size",
    CHAPTER             = "1",
    URL                 = "http://docs.oracle.com/cd/E11882_01/server.112/e40402/initparams235.htm#REFRN10198",
    EDITION             = "11g R2",
    KEYWORDS            = "oradbref"}

@ONLINE{REFRN10256, 
    BOOKTITLE           = "Oracle Database Reference 11g Release 2", 
    SUBTITLE            = "Initializationparameter sga\_target",
    CHAPTER             = "1",
    URL                 = "http://docs.oracle.com/cd/E11882_01/server.112/e40402/initparams236.htm#REFRN10256",
    EDITION             = "11g R2",
    KEYWORDS            = "oradbref"}

@ONLINE{REFRN10202, 
    BOOKTITLE           = "Oracle Database Reference 11g Release 2", 
    SUBTITLE            = "Initializationparameter shared\_pool\_size",
    CHAPTER             = "1",
    URL                 = "http://docs.oracle.com/cd/E11882_01/server.112/e40402/initparams240.htm#REFRN10202",
    EDITION             = "11g R2",
    KEYWORDS            = "oradbref"}

@ONLINE{REFRN10214, 
    BOOKTITLE           = "Oracle Database Reference 11g Release 2", 
    SUBTITLE            = "Initializationparameter statistics\_level",
    CHAPTER             = "1",
    URL                 = "http://docs.oracle.com/cd/E11882_01/server.112/e40402/initparams254.htm#REFRN10214",
    EDITION             = "11g R2",
    KEYWORDS            = "oradbref"}

@ONLINE{REFRN10243, 
    BOOKTITLE           = "Oracle Database Reference 11g Release 2", 
    SUBTITLE            = "Initializationparameter streams\_pool\_size",
    CHAPTER             = "1",
    URL                 = "http://docs.oracle.com/cd/E11882_01/server.112/e40402/initparams255.htm#REFRN10243",
    EDITION             = "11g R2",
    KEYWORDS            = "oradbref"}

@ONLINE{REFRN10224, 
    BOOKTITLE           = "Oracle Database Reference 11g Release 2", 
    SUBTITLE            = "Initializationparameter undo\_management",
    CHAPTER             = "1",
    URL                 = "http://docs.oracle.com/cd/E11882_01/server.112/e40402/initparams264.htm#REFRN10224",
    EDITION             = "11g R2",
    KEYWORDS            = "oradbref"}

@ONLINE{REFRN10225, 
    BOOKTITLE           = "Oracle Database Reference 11g Release 2", 
    SUBTITLE            = "Initializationparameter undo\_retention",
    CHAPTER             = "1",
    URL                 = "http://docs.oracle.com/cd/E11882_01/server.112/e40402/initparams265.htm#REFRN10225",
    EDITION             = "11g R2",
    KEYWORDS            = "oradbref"}

@ONLINE{REFRN10227, 
    BOOKTITLE           = "Oracle Database Reference 11g Release 2", 
    SUBTITLE            = "Initializationparameter undo\_tablespace",
    CHAPTER             = "1",
    URL                 = "http://docs.oracle.com/cd/E11882_01/server.112/e40402/initparams266.htm#REFRN10227",
    EDITION             = "11g R2",
    KEYWORDS            = "oradbref"}

@ONLINE{i1124822,
    BOOKTITLE           = "Oracle Database Reference 11g Release 2",
    SUBTITLE            = "Initialization Parameter Descriptions",
    CHAPTER             = "1",
    URL                 = "http://docs.oracle.com/cd/E11882_01/server.112/e40402/initparams006.htm#i1124822",
    EDITION             = "11g R2",
    KEYWORDS            = "oradbref"
}

@ONLINE{i125539,
    BOOKTITLE           = "Oracle Database Reference 11g Release 2",
    SUBTITLE            = "Static Data Dictionary Views",
    CHAPTER             = "II",
    URL                 = "http://docs.oracle.com/cd/E11882_01/server.112/e40402/statviews_part.htm#i125539",
    EDITION             = "11g R2",
    KEYWORDS            = "oradbref"
}

@ONLINE{sthref1100, 
    BOOKTITLE           = "Oracle Database Reference 11g Release 2", 
    SUBTITLE            = "all\_col\_privs\_made",
    CHAPTER             = "2",
    URL                 = "http://docs.oracle.com/cd/E11882_01/server.112/e40402/statviews_1042.htm#sthref1100",
    EDITION             = "11g R2",
    KEYWORDS            = "oradbref"}

@ONLINE{sthref1102, 
    BOOKTITLE           = "Oracle Database Reference 11g Release 2", 
    SUBTITLE            = "all\_col\_privs\_recd",
    CHAPTER             = "2",
    URL                 = "http://docs.oracle.com/cd/E11882_01/server.112/e40402/statviews_1043.htm#sthref1102",
    EDITION             = "11g R2",
    KEYWORDS            = "oradbref"}

@ONLINE{sthref1608, 
    BOOKTITLE           = "Oracle Database Reference 11g Release 2", 
    SUBTITLE            = "all\_tab\_privs\_made",
    CHAPTER             = "3",
    URL                 = "http://docs.oracle.com/cd/E11882_01/server.112/e40402/statviews_2111.htm#sthref1608",
    EDITION             = "11g R2",
    KEYWORDS            = "oradbref"}

@ONLINE{sthref1610, 
    BOOKTITLE           = "Oracle Database Reference 11g Release 2", 
    SUBTITLE            = "all\_tab\_privs\_recd",
    CHAPTER             = "3",
    URL                 = "http://docs.oracle.com/cd/E11882_01/server.112/e40402/statviews_2112.htm#sthref1610",
    EDITION             = "11g R2",
    KEYWORDS            = "oradbref"}

@ONLINE{sthref1850, 
    BOOKTITLE           = "Oracle Database Reference 11g Release 2", 
    SUBTITLE            = "dba\_audit\_object",
    CHAPTER             = "4",
    URL                 = "http://docs.oracle.com/cd/E11882_01/server.112/e40402/statviews_3076.htm#sthref1850",
    EDITION             = "11g R2",
    KEYWORDS            = "oradbref"}

@ONLINE{sthref1854, 
    BOOKTITLE           = "Oracle Database Reference 11g Release 2", 
    SUBTITLE            = "dba\_audit\_session",
    CHAPTER             = "4",
    URL                 = "http://docs.oracle.com/cd/E11882_01/server.112/e40402/statviews_3079.htm#sthref1854",
    EDITION             = "11g R2",
    KEYWORDS            = "oradbref"}

@ONLINE{sthref1856, 
    BOOKTITLE           = "Oracle Database Reference 11g Release 2", 
    SUBTITLE            = "dba\_audit\_statement",
    CHAPTER             = "4",
    URL                 = "http://docs.oracle.com/cd/E11882_01/server.112/e40402/statviews_3080.htm#sthref1856",
    EDITION             = "11g R2",
    KEYWORDS            = "oradbref"}

@ONLINE{sthref1858, 
    BOOKTITLE           = "Oracle Database Reference 11g Release 2", 
    SUBTITLE            = "dba\_audit\_trail",
    CHAPTER             = "4",
    URL                 = "http://docs.oracle.com/cd/E11882_01/server.112/e40402/statviews_3081.htm#sthref1858",
    EDITION             = "11g R2",
    KEYWORDS            = "oradbref"}

@ONLINE{sthref1894, 
    BOOKTITLE           = "Oracle Database Reference 11g Release 2", 
    SUBTITLE            = "dba\_col\_privs",
    CHAPTER             = "4",
    URL                 = "http://docs.oracle.com/cd/E11882_01/server.112/e40402/statviews_3110.htm#sthref1894",
    EDITION             = "11g R2",
    KEYWORDS            = "oradbref"}

@ONLINE{sthref1898, 
    BOOKTITLE           = "Oracle Database Reference 11g Release 2", 
    SUBTITLE            = "dba\_common\_audit\_trail",
    CHAPTER             = "4",
    URL                 = "http://docs.oracle.com/cd/E11882_01/server.112/e40402/statviews_3112.htm#sthref1898",
    EDITION             = "11g R2",
    KEYWORDS            = "oradbref"}

@ONLINE{REFRN23049, 
    BOOKTITLE           = "Oracle Database Reference 11g Release 2", 
    SUBTITLE            = "dba\_data\_files",
    CHAPTER             = "4",
    URL                 = "http://http://docs.oracle.com/cd/E11882_01/server.112/e40402/statviews_3143.htm#REFRN23049",
    EDITION             = "11g R2",
    KEYWORDS            = "oradbref"}

@ONLINE{sthref1938, 
    BOOKTITLE           = "Oracle Database Reference 11g Release 2", 
    SUBTITLE            = "dba\_datapump\_jobs",
    CHAPTER             = "4",
    URL                 = "http://docs.oracle.com/cd/E11882_01/server.112/e40402/statviews_3144.htm#sthref1938",
    EDITION             = "11g R2",
    KEYWORDS            = "oradbref"}

@ONLINE{REFRN23339, 
    BOOKTITLE           = "Oracle Database Reference 11g Release 2", 
    SUBTITLE            = "dba\_datapump\_sessions",
    CHAPTER             = "4",
    URL                 = "http://docs.oracle.com/cd/E11882_01/server.112/e40402/statviews_3145.htm#REFRN23339",
    EDITION             = "11g R2",
    KEYWORDS            = "oradbref"}

@ONLINE{i1576965, 
    BOOKTITLE           = "Oracle Database Reference 11g Release 2", 
    SUBTITLE            = "dba\_directories",
    CHAPTER             = "4",
    URL                 = "http://docs.oracle.com/cd/E11882_01/server.112/e40402/statviews_1078.htm#i1576965",
    EDITION             = "11g R2",
    KEYWORDS            = "oradbref"}

@ONLINE{sthref1988, 
    BOOKTITLE           = "Oracle Database Reference 11g Release 2", 
    SUBTITLE            = "dba\_extents",
    CHAPTER             = "4",
    URL                 = "http://docs.oracle.com/cd/E11882_01/server.112/e40402/statviews_3178.htm#sthref1988",
    EDITION             = "11g R2",
    KEYWORDS            = "oradbref"}

@ONLINE{i1577333, 
    BOOKTITLE           = "Oracle Database Reference 11g Release 2", 
    SUBTITLE            = "dba\_external\_locations",
    CHAPTER             = "4",
    URL                 = "http://docs.oracle.com/cd/E11882_01/server.112/e40402/statviews_1091.htm#i1577333",
    EDITION             = "11g R2",
    KEYWORDS            = "oradbref"}

@ONLINE{i1577411, 
    BOOKTITLE           = "Oracle Database Reference 11g Release 2", 
    SUBTITLE            = "dba\_external\_tables",
    CHAPTER             = "4",
    URL                 = "http://docs.oracle.com/cd/B28359_01/server.111/b28320/statviews_1082.htm#i1577411",
    EDITION             = "11g R2",
    KEYWORDS            = "oradbref"}

@ONLINE{REFRN23719, 
    BOOKTITLE           = "Oracle Database Reference 11g Release 2", 
    SUBTITLE            = "dba\_flashback\_archive",
    CHAPTER             = "4",
    URL                 = "http://docs.oracle.com/cd/E11882_01/server.112/e40402/statviews_3189.htm#REFRN23719",
    EDITION             = "11g R2",
    KEYWORDS            = "oradbref"}

@ONLINE{REFRN23715, 
    BOOKTITLE           = "Oracle Database Reference 11g Release 2", 
    SUBTITLE            = "dba\_flashback\_archive",
    CHAPTER             = "4",
    URL                 = "http://docs.oracle.com/cd/E11882_01/server.112/e40402/statviews_3190.htm#REFRN23715",
    EDITION             = "11g R2",
    KEYWORDS            = "oradbref"}

@ONLINE{sthref2010, 
    BOOKTITLE           = "Oracle Database Reference 11g Release 2", 
    SUBTITLE            = "dba\_flashback\_archive\_tables",
    CHAPTER             = "4",
    URL                 = "http://docs.oracle.com/cd/E11882_01/server.112/e40402/statviews_3194.htm#sthref2010",
    EDITION             = "11g R2",
    KEYWORDS            = "oradbref"}

@ONLINE{REFRN23076, 
    BOOKTITLE           = "Oracle Database Reference 11g Release 2", 
    SUBTITLE            = "dba\_free\_space",
    CHAPTER             = "4",
    URL                 = "http://docs.oracle.com/cd/E11882_01/server.112/e40402/statviews_3194.htm#REFRN23076",
    EDITION             = "11g R2",
    KEYWORDS            = "oradbref"}

@ONLINE{REFRN23460, 
    BOOKTITLE           = "Oracle Database Reference 11g Release 2", 
    SUBTITLE            = "dba\_hist\_undostat",
    CHAPTER             = "5",
    URL                 = "http://docs.oracle.com/cd/E11882_01/server.112/e40402/statviews_4069.htm#REFRN23460",
    EDITION             = "11g R2",
    KEYWORDS            = "oradbref"}

@ONLINE{sthref2191, 
    BOOKTITLE           = "Oracle Database Reference 11g Release 2", 
    SUBTITLE            = "dba\_ind\_columns",
    CHAPTER             = "5",
    URL                 = "http://docs.oracle.com/cd/E11882_01/server.112/e40402/statviews_4075.htm#sthref2191",
    EDITION             = "11g R2",
    KEYWORDS            = "oradbref"}

@ONLINE{sthref2202, 
    BOOKTITLE           = "Oracle Database Reference 11g Release 2", 
    SUBTITLE            = "dba\_indexes",
    CHAPTER             = "5",
    URL                 = "http://docs.oracle.com/cd/E11882_01/server.112/e40402/statviews_4081.htm#sthref2202",
    EDITION             = "11g R2",
    KEYWORDS            = "oradbref"}

@ONLINE{sthref2293, 
    BOOKTITLE           = "Oracle Database Reference 11g Release 2", 
    SUBTITLE            = "dba\_obj\_audit\_opts",
    CHAPTER             = "5",
    URL                 = "http://docs.oracle.com/cd/E11882_01/server.112/e40402/statviews_4153.htm#sthref2293",
    EDITION             = "11g R2",
    KEYWORDS            = "oradbref"}

@ONLINE{sthref2337, 
    BOOKTITLE           = "Oracle Database Reference 11g Release 2", 
    SUBTITLE            = "dba\_priv\_audit\_opts",
    CHAPTER             = "5",
    URL                 = "http://docs.oracle.com/cd/E11882_01/server.112/e40402/statviews_4184.htm#sthref2337",
    EDITION             = "11g R2",
    KEYWORDS            = "oradbref"}

@ONLINE{REFRN23342, 
    BOOKTITLE           = "Oracle Database Reference 11g Release 2", 
    SUBTITLE            = "dba\_recyclebin",
    CHAPTER             = "5",
    URL                 = "http://docs.oracle.com/cd/E11882_01/server.112/e40402/statviews_4200.htm#REFRN23342",
    EDITION             = "11g R2",
    KEYWORDS            = "oradbref"}

@ONLINE{sthref2382, 
    BOOKTITLE           = "Oracle Database Reference 11g Release 2", 
    SUBTITLE            = "dba\_role\_privs",
    CHAPTER             = "5",
    URL                 = "http://docs.oracle.com/cd/E11882_01/server.112/e40402/statviews_4218.htm#sthref2382",
    EDITION             = "11g R2",
    KEYWORDS            = "oradbref"}

@ONLINE{sthref2385, 
    BOOKTITLE           = "Oracle Database Reference 11g Release 2", 
    SUBTITLE            = "dba\_roles",
    CHAPTER             = "5",
    URL                 = "http://docs.oracle.com/cd/E11882_01/server.112/e40402/statviews_4219.htm#sthref2385",
    EDITION             = "11g R2",
    KEYWORDS            = "oradbref"}

@ONLINE{sthref2435, 
    BOOKTITLE           = "Oracle Database Reference 11g Release 2", 
    SUBTITLE            = "dba\_segments",
    CHAPTER             = "5",
    URL                 = "http://docs.oracle.com/cd/E11882_01/server.112/e40402/statviews_4266.htm#sthref2435",
    EDITION             = "11g R2",
    KEYWORDS            = "oradbref"}

@ONLINE{sthref2472, 
    BOOKTITLE           = "Oracle Database Reference 11g Release 2", 
    SUBTITLE            = "dba\_stmt\_audit\_opts",
    CHAPTER             = "5",
    URL                 = "http://docs.oracle.com/cd/E11882_01/server.112/e40402/statviews_4293.htm#sthref2472",
    EDITION             = "11g R2",
    KEYWORDS            = "oradbref"}

@ONLINE{sthref2523, 
    BOOKTITLE           = "Oracle Database Reference 11g Release 2", 
    SUBTITLE            = "dba\_sys\_privs",
    CHAPTER             = "6",
    URL                 = "http://docs.oracle.com/cd/E11882_01/server.112/e40402/statviews_5041.htm#sthref2523",
    EDITION             = "11g R2",
    KEYWORDS            = "oradbref"}

@ONLINE{sthref2528, 
    BOOKTITLE           = "Oracle Database Reference 11g Release 2", 
    SUBTITLE            = "dba\_tab\_columns",
    CHAPTER             = "6",
    URL                 = "http://docs.oracle.com/cd/E11882_01/server.112/e40402/statviews_5044.htm#sthref2528",
    EDITION             = "11g R2",
    KEYWORDS            = "oradbref"}

@ONLINE{sthref2545, 
    BOOKTITLE           = "Oracle Database Reference 11g Release 2", 
    SUBTITLE            = "dba\_tables",
    CHAPTER             = "6",
    URL                 = "http://docs.oracle.com/cd/E11882_01/server.112/e40402/statviews_5056.htm#sthref2545",
    EDITION             = "11g R2",
    KEYWORDS            = "oradbref"}

@ONLINE{sthref2550, 
    BOOKTITLE           = "Oracle Database Reference 11g Release 2", 
    SUBTITLE            = "dba\_tablespaces",
    CHAPTER             = "5",
    URL                 = "http://docs.oracle.com/cd/E11882_01/server.112/e40402/statviews_5060.htm#sthref2550",
    EDITION             = "11g R2",
    KEYWORDS            = "oradbref"}

@ONLINE{sthref2538, 
    BOOKTITLE           = "Oracle Database Reference 11g Release 2", 
    SUBTITLE            = "dba\_tab\_privs",
    CHAPTER             = "6",
    URL                 = "http://docs.oracle.com/cd/E11882_01/server.112/e40402/statviews_5051.htm#sthref2538",
    EDITION             = "11g R2",
    KEYWORDS            = "oradbref"}

@ONLINE{sthref2555, 
    BOOKTITLE           = "Oracle Database Reference 11g Release 2", 
    SUBTITLE            = "dba\_temp\_files",
    CHAPTER             = "5",
    URL                 = "http://docs.oracle.com/cd/E11882_01/server.112/e40402/statviews_5061.htm#sthref2555",
    EDITION             = "11g R2",
    KEYWORDS            = "oradbref"}

@ONLINE{sthref2563, 
    BOOKTITLE           = "Oracle Database Reference 11g Release 2", 
    SUBTITLE            = "dba\_ts\_quotas",
    CHAPTER             = "5",
    URL                 = "http://docs.oracle.com/cd/E11882_01/server.112/e40402/statviews_5068.htm#sthref2563",
    EDITION             = "11g R2",
    KEYWORDS            = "oradbref"}

@ONLINE{sthref2575, 
    BOOKTITLE           = "Oracle Database Reference 11g Release 2", 
    SUBTITLE            = "dba\_undo\_extents",
    CHAPTER             = "6",
    URL                 = "http://docs.oracle.com/cd/E11882_01/server.112/e40402/statviews_5078.htm#sthref2575",
    EDITION             = "11g R2",
    KEYWORDS            = "oradbref"}

@ONLINE{sthref2579, 
    BOOKTITLE           = "Oracle Database Reference 11g Release 2", 
    SUBTITLE            = "dba\_users",
    CHAPTER             = "6",
    URL                 = "http://docs.oracle.com/cd/E11882_01/server.112/e40402/statviews_5081.htm#sthref2579",
    EDITION             = "11g R2",
    KEYWORDS            = "oradbref"}

@ONLINE{REFRN29014, 
    BOOKTITLE           = "Oracle Database Reference 11g Release 2", 
    SUBTITLE            = "dictionary",
    CHAPTER             = "6",
    URL                 = "http://docs.oracle.com/cd/E11882_01/server.112/e40402/statviews_5120.htm#REFRN29014",
    EDITION             = "11g R2",
    KEYWORDS            = "oradbref"}

@ONLINE{REFRN29086, 
    BOOKTITLE           = "Oracle Database Reference 11g Release 2", 
    SUBTITLE            = "flashback\_transaction\_query",
    CHAPTER             = "6",
    URL                 = "http://docs.oracle.com/cd/E11882_01/server.112/e40402/statviews_5125.htm#REFRN29086",
    EDITION             = "11g R2",
    KEYWORDS            = "oradbref"}

@ONLINE{sthref2736, 
    BOOKTITLE           = "Oracle Database Reference 11g Release 2", 
    SUBTITLE            = "session\_privs",
    CHAPTER             = "6",
    URL                 = "http://docs.oracle.com/cd/E11882_01/server.112/e40402/statviews_5175.htm#sthref2736",
    EDITION             = "11g R2",
    KEYWORDS            = "oradbref"}

@ONLINE{sthref2738, 
    BOOKTITLE           = "Oracle Database Reference 11g Release 2", 
    SUBTITLE            = "session\_roles",
    CHAPTER             = "6",
    URL                 = "http://docs.oracle.com/cd/E11882_01/server.112/e40402/statviews_5176.htm#sthref2738",
    EDITION             = "11g R2",
    KEYWORDS            = "oradbref"}

@ONLINE{sthref2723, 
    BOOKTITLE           = "Oracle Database Reference 11g Release 2", 
    SUBTITLE            = "role\_role\_privs",
    CHAPTER             = "6",
    URL                 = "http://docs.oracle.com/cd/E11882_01/server.112/e40402/statviews_5169.htm#sthref2723",
    EDITION             = "11g R2",
    KEYWORDS            = "oradbref"}

@ONLINE{sthref2725, 
    BOOKTITLE           = "Oracle Database Reference 11g Release 2", 
    SUBTITLE            = "role\_sys\_privs",
    CHAPTER             = "6",
    URL                 = "http://docs.oracle.com/cd/E11882_01/server.112/e40402/statviews_5170.htm#sthref2725",
    EDITION             = "11g R2",
    KEYWORDS            = "oradbref"}

@ONLINE{sthref2727, 
    BOOKTITLE           = "Oracle Database Reference 11g Release 2", 
    SUBTITLE            = "role\_tab\_privs",
    CHAPTER             = "6",
    URL                 = "http://docs.oracle.com/cd/E11882_01/server.112/e40402/statviews_5171.htm#sthref2727",
    EDITION             = "11g R2",
    KEYWORDS            = "oradbref"}

@ONLINE{REFRN30007, 
    BOOKTITLE           = "Oracle Database Reference 11g Release 2", 
    SUBTITLE            = "v\$archive\_dest",
    CHAPTER             = "7",
    URL                 = "http://docs.oracle.com/cd/E11882_01/server.112/e40402/dynviews_1012.htm#REFRN30007",
    EDITION             = "11g R2",
    KEYWORDS            = "oradbref"}

@ONLINE{sthref3187, 
    BOOKTITLE           = "Oracle Database Reference 11g Release 2", 
    SUBTITLE            = "v\$archived\_log",
    CHAPTER             = "7",
    URL                 = "http://docs.oracle.com/cd/E11882_01/server.112/e40402/dynviews_1016.htm#sthref3187",
    EDITION             = "11g R2",
    KEYWORDS            = "oradbref"}

@ONLINE{REFRN30022, 
    BOOKTITLE           = "Oracle Database Reference 11g Release 2", 
    SUBTITLE            = "v\$backup\_files",
    CHAPTER             = "7",
    URL                 = "http://docs.oracle.com/cd/E11882_01/server.112/e40402/dynviews_1057.htm#REFRN30022",
    EDITION             = "11g R2",
    KEYWORDS            = "oradbref"}

@ONLINE{REFRN30030, 
    BOOKTITLE           = "Oracle Database Reference 11g Release 2", 
    SUBTITLE            = "v\$block\_change\_tracking",
    CHAPTER             = "7",
    URL                 = "http://docs.oracle.com/cd/E11882_01/server.112/e40402/dynviews_1070.htm#REFRN30030",
    EDITION             = "11g R2",
    KEYWORDS            = "oradbref"}

@ONLINE{sthref3267, 
    BOOKTITLE           = "Oracle Database Reference 11g Release 2", 
    SUBTITLE            = "v\$controlfile",
    CHAPTER             = "7",
    URL                 = "http://docs.oracle.com/cd/E11882_01/server.112/e40402/dynviews_1087.htm#sthref3267",
    EDITION             = "11g R2",
    KEYWORDS            = "oradbref"}

@ONLINE{REFRN30047, 
    BOOKTITLE           = "Oracle Database Reference 11g Release 2", 
    SUBTITLE            = "v\$database",
    CHAPTER             = "7",
    URL                 = "http://docs.oracle.com/cd/E11882_01/server.112/e40402/dynviews_1097.htm#REFRN30047",
    EDITION             = "11g R2",
    KEYWORDS            = "oradbref"}

@ONLINE{REFRN30048, 
    BOOKTITLE           = "Oracle Database Reference 11g Release 2", 
    SUBTITLE            = "v\$database\_block\_corruption",
    CHAPTER             = "7",
    URL                 = "http://docs.oracle.com/cd/E11882_01/server.112/e40402/dynviews_1098.htm#REFRN30048",
    EDITION             = "11g R2",
    KEYWORDS            = "oradbref"}

@ONLINE{REFRN30049, 
    BOOKTITLE           = "Oracle Database Reference 11g Release 2", 
    SUBTITLE            = "v\$database\_incarnation",
    CHAPTER             = "7",
    URL                 = "http://docs.oracle.com/cd/E11882_01/server.112/e40402/dynviews_1099.htm#REFRN30049",
    EDITION             = "11g R2",
    KEYWORDS            = "oradbref"}

@ONLINE{sthref3281, 
    BOOKTITLE           = "Oracle Database Reference 11g Release 2", 
    SUBTITLE            = "v\$datafile",
    CHAPTER             = "7",
    URL                 = "http://docs.oracle.com/cd/E11882_01/server.112/e40402/dynviews_1100.htm#sthref3281",
    EDITION             = "11g R2",
    KEYWORDS            = "oradbref"}

@ONLINE{REFRN30052, 
    BOOKTITLE           = "Oracle Database Reference 11g Release 2", 
    SUBTITLE            = "v\$datafile\_header",
    CHAPTER             = "7",
    URL                 = "http://docs.oracle.com/cd/E11882_01/server.112/e40402/dynviews_1102.htm#REFRN30052",
    EDITION             = "11g R2",
    KEYWORDS            = "oradbref"}

@ONLINE{REFRN30496, 
    BOOKTITLE           = "Oracle Database Reference 11g Release 2", 
    SUBTITLE            = "v\$encrypted\_tablespaces",
    CHAPTER             = "7",
    URL                 = "http://docs.oracle.com/cd/E11882_01/server.112/e40402/dynviews_1124.htm#REFRN30496",
    EDITION             = "11g R2",
    KEYWORDS            = "oradbref"}

@ONLINE{REFRN30089, 
    BOOKTITLE           = "Oracle Database Reference 11g Release 2", 
    SUBTITLE            = "v\$fixed\_table",
    CHAPTER             = "7",
    URL                 = "http://docs.oracle.com/cd/B28359_01/server.111/b28320/dynviews_1129.htm#REFRN30089",
    EDITION             = "11g R2",
    KEYWORDS            = "oradbref"}

@ONLINE{sthref3423, 
    BOOKTITLE           = "Oracle Database Reference 11g Release 2", 
    SUBTITLE            = "v\$log",
    CHAPTER             = "8",
    URL                 = "http://docs.oracle.com/cd/E11882_01/server.112/e40402/dynviews_2031.htm#sthref3423",
    EDITION             = "11g R2",
    KEYWORDS            = "oradbref"}

@ONLINE{REFRN30129, 
    BOOKTITLE           = "Oracle Database Reference 11g Release 2", 
    SUBTITLE            = "v\$logfile",
    CHAPTER             = "8",
    URL                 = "http://docs.oracle.com/cd/E11882_01/server.112/e40402/dynviews_2033.htm#REFRN30129",
    EDITION             = "11g R2",
    KEYWORDS            = "oradbref"}

@ONLINE{REFRN30128, 
    BOOKTITLE           = "Oracle Database Reference 11g Release 2", 
    SUBTITLE            = "v\$log\_history",
    CHAPTER             = "8",
    URL                 = "http://docs.oracle.com/cd/E11882_01/server.112/e40402/dynviews_2032.htm#REFRN30128",
    EDITION             = "11g R2",
    KEYWORDS            = "oradbref"}

@ONLINE{REFRN30159, 
    BOOKTITLE           = "Oracle Database Reference 11g Release 2", 
    SUBTITLE            = "v\$nls\_parameters",
    CHAPTER             = "8",
    URL                 = "http://docs.oracle.com/cd/E11882_01/server.112/e40402/dynviews_2075.htm#REFRN30159",
    EDITION             = "11g R2",
    KEYWORDS            = "oradbref"}

@ONLINE{sthref3518, 
    BOOKTITLE           = "Oracle Database Reference 11g Release 2", 
    SUBTITLE            = "v\$pwfile\_users",
    CHAPTER             = "8",
    URL                 = "http://docs.oracle.com/cd/E11882_01/server.112/e40402/dynviews_2111.htm#sthref3518",
    EDITION             = "11g R2",
    KEYWORDS            = "oradbref"}

@ONLINE{REFRN30196, 
    BOOKTITLE           = "Oracle Database Reference 11g Release 2", 
    SUBTITLE            = "v\$recover\_file",
    CHAPTER             = "8",
    URL                 = "http://docs.oracle.com/cd/E11882_01/server.112/e40402/dynviews_2123.htm#REFRN30196",
    EDITION             = "11g R2",
    KEYWORDS            = "oradbref"}

@ONLINE{sthref3528, 
    BOOKTITLE           = "Oracle Database Reference 11g Release 2", 
    SUBTITLE            = "v\$recovery\_area\_usage",
    CHAPTER             = "8",
    URL                 = "http://docs.oracle.com/cd/E11882_01/server.112/e40402/dynviews_2124.htm#sthref3528",
    EDITION             = "11g R2",
    KEYWORDS            = "oradbref"}

@ONLINE{sthref3529, 
    BOOKTITLE           = "Oracle Database Reference 11g Release 2", 
    SUBTITLE            = "v\$recovery\_file\_dest",
    CHAPTER             = "8",
    URL                 = "http://docs.oracle.com/cd/E11882_01/server.112/e40402/dynviews_2125.htm#sthref3529",
    EDITION             = "11g R2",
    KEYWORDS            = "oradbref"}

@ONLINE{REFRN30438, 
    BOOKTITLE           = "Oracle Database Reference 11g Release 2", 
    SUBTITLE            = "v\$result\_cache\_objects",
    CHAPTER             = "8",
    URL                 = "http://docs.oracle.com/cd/E11882_01/server.112/e40402/dynviews_2140.htm#REFRN30438",
    EDITION             = "11g R2",
    KEYWORDS            = "oradbref"}

@ONLINE{REFRN30439, 
    BOOKTITLE           = "Oracle Database Reference 11g Release 2", 
    SUBTITLE            = "v\$result\_cache\_statistics",
    CHAPTER             = "8",
    URL                 = "http://docs.oracle.com/cd/E11882_01/server.112/e40402/dynviews_2141.htm#REFRN30439",
    EDITION             = "11g R2",
    KEYWORDS            = "oradbref"}

@ONLINE{sthref3583, 
    BOOKTITLE           = "Oracle Database Reference 11g Release 2", 
    SUBTITLE            = "v\$rollstat",
    CHAPTER             = "8",
    URL                 = "http://docs.oracle.com/cd/E11882_01/server.112/e40402/dynviews_2152.htm#sthref3583",
    EDITION             = "11g R2",
    KEYWORDS            = "oradbref"}

@ONLINE{sthref3655, 
    BOOKTITLE           = "Oracle Database Reference 11g Release 2", 
    SUBTITLE            = "v\$sessions",
    CHAPTER             = "8",
    URL                 = "http://docs.oracle.com/cd/E11882_01/server.112/e40402/dynviews_3016.htm#sthref3655",
    EDITION             = "11g R2",
    KEYWORDS            = "oradbref"}

@ONLINE{REFRN30314, 
    BOOKTITLE           = "Oracle Database Reference 11g Release 2", 
    SUBTITLE            = "v\$sgainfo",
    CHAPTER             = "9",
    URL                 = "http://docs.oracle.com/cd/E11882_01/server.112/e40402/dynviews_3035.htm#REFRN30314",
    EDITION             = "11g R2",
    KEYWORDS            = "oradbref"}

@ONLINE{REFRN30275, 
    BOOKTITLE           = "Oracle Database Reference 11g Release 2", 
    SUBTITLE            = "v\$system\_parameter",
    CHAPTER             = "9",
    URL                 = "http://docs.oracle.com/cd/E11882_01/server.112/e40402/dynviews_3097.htm#REFRN30275",
    EDITION             = "11g R2",
    KEYWORDS            = "oradbref"}

@ONLINE{sthref3785, 
    BOOKTITLE           = "Oracle Database Reference 11g Release 2", 
    SUBTITLE            = "v\$tablespace",
    CHAPTER             = "8",
    URL                 = "http://docs.oracle.com/cd/E11882_01/server.112/e40402/dynviews_3100.htm#sthref3785",
    EDITION             = "11g R2",
    KEYWORDS            = "oradbref"}

@ONLINE{sthref3790, 
    BOOKTITLE           = "Oracle Database Reference 11g Release 2", 
    SUBTITLE            = "v\$tempfile",
    CHAPTER             = "8",
    URL                 = "http://docs.oracle.com/cd/E11882_01/server.112/e40402/dynviews_3105.htm#sthref3790",
    EDITION             = "11g R2",
    KEYWORDS            = "oradbref"}

@ONLINE{sthref3800, 
    BOOKTITLE           = "Oracle Database Reference 11g Release 2", 
    SUBTITLE            = "v\$transaction",
    CHAPTER             = "9",
    URL                 = "http://docs.oracle.com/cd/E11882_01/server.112/e40402/dynviews_3114.htm#sthref3800",
    EDITION             = "11g R2",
    KEYWORDS            = "oradbref"}

@ONLINE{sthref3804, 
    BOOKTITLE           = "Oracle Database Reference 11g Release 2", 
    SUBTITLE            = "v\$undostat",
    CHAPTER             = "9",
    URL                 = "http://docs.oracle.com/cd/E11882_01/server.112/e40402/dynviews_3118.htm#sthref3804",
    EDITION             = "11g R2",
    KEYWORDS            = "oradbref"}

@ONLINE{REFRN30405, 
    BOOKTITLE           = "Oracle Database Reference 11g Release 2", 
    SUBTITLE            = "v\$xml\_audit\_trail",
    CHAPTER             = "9",
    URL                 = "http://docs.oracle.com/cd/E11882_01/server.112/e40402/dynviews_3128.htm#REFRN30405",
    EDITION             = "11g R2",
    KEYWORDS            = "oradbref"}
    
@ONLINE{REFRN0042, 
    BOOKTITLE           = "Oracle Database Reference 11g Release 2", 
    SUBTITLE            = "Physical Database Limits",
    CHAPTER             = "A",
    URL                 = "http://docs.oracle.com/cd/E11882_01/server.112/e40402/limits002.htm#REFRN0042",
    EDITION             = "11g R2",
    KEYWORDS            = "oradbref"}
    
% Oracle SQL Reference orasqlref

@ONLINE{sthref3228,
    BOOKTITLE           = "Oracle Database SQL Language Reference 11g Release 2",
    SUBTITLE            = "ALTER SESSION",
    CHAPTER             = "11",
    URL                 = "http://docs.oracle.com/cd/E11882_01/server.112/e41084/statements_2013.htm#sthref3228",
    EDITION             = "11g R2",
    KEYWORDS            = "orasqlref"
}

@ONLINE{i2053602, 
    BOOKTITLE           = "Oracle Database SQL Language Reference 11g Release 2", 
    SUBTITLE            = "ALTER SYSTEM",
    CHAPTER            = "1",
    URL                 = "http://docs.oracle.com/cd/E11882_01/server.112/e41084/statements_2014.htm#i2053602",
    EDITION             = "11g R2",
    KEYWORDS            = "orasqlref"
}

@ONLINE{i2282157, 
    BOOKTITLE           = "Oracle Database SQL Language Reference 11g Release 2", 
    SUBTITLE            = "ALTER SYSTEM SET Clause",
    CHAPTER            = "1",
    URL                 = "http://docs.oracle.com/cd/E11882_01/server.112/e41084/statements_2014.htm#i2282157",
    EDITION             = "11g R2",
    KEYWORDS            = "orasqlref"
}

@ONLINE{i2059073, 
    BOOKTITLE           = "Oracle Database SQL Language Reference 11g Release 2", 
    SUBTITLE            = "AUDIT",
    CHAPTER            = "3",
    URL                 = "http://docs.oracle.com/cd/E11882_01/server.112/e41084/statements_4007.htm#i2059073",
    EDITION             = "11g R2",
    KEYWORDS            = "orasqlref"
}

@ONLINE{i97801, 
    BOOKTITLE           = "Oracle Database SQL Reference 11g Release2", 
    SUBTITLE            = "CEIL",
    CHAPTER            = "5",
    URL                 = "http://docs.oracle.com/cd/E11882_01/server.112/e26088/functions024.htm#i97801",
    EDITION             = "11g R2",
    KEYWORDS            = "orasqlref"
}

@ONLINE{sthref4351, 
    BOOKTITLE           = "Oracle Database SQL Reference 11g Release 2", 
    SUBTITLE            = "CREATE DIRECTORY",
    CHAPTER            = "4",
    URL                 = "http://docs.oracle.com/cd/E11882_01/server.112/e41084/statements_5007.htm#sthref4351",
    EDITION             = "11g R2",
    KEYWORDS            = "orasqlref"
}

@ONLINE{i34924, 
    BOOKTITLE           = "Oracle Database SQL Language Reference 11g Release 2", 
    SUBTITLE            = "Datetime Format Models",
    CHAPTER            = "5",
    URL                 = "http://docs.oracle.com/cd/E11882_01/server.112/e26088/sql_elements004.htm#i34924",
    EDITION             = "11g R2",
    KEYWORDS            = "orasqlref"
}

@ONLINE{i77449, 
    BOOKTITLE           = "Oracle Database SQL Reference 11g Release2", 
    SUBTITLE            = "FLOOR",
    CHAPTER            = "5",
    URL                 = "http://docs.oracle.com/cd/E11882_01/server.112/e26088/functions067.htm#i77449",
    EDITION             = "11g R2",
    KEYWORDS            = "orasqlref"
}

@ONLINE{autoId0, 
    BOOKTITLE           = "Oracle Database SQL Reference 11g Release 2", 
    SUBTITLE            = "Initialization Parameters and ALTER SESSION",
    CHAPTER            = "1",
    URL                 = "http://docs.oracle.com/cd/E11882_01/server.112/e41084/statements_2013.htm#autoId0",
    EDITION             = "11g R2",
    KEYWORDS            = "orasqlref"
}

@ONLINE{i77598, 
    BOOKTITLE           = "Oracle Database SQL Reference 11g Release2", 
    SUBTITLE            = "INSTR",
    CHAPTER            = "5",
    URL                 = "http://docs.oracle.com/cd/E11882_01/server.112/e26088/functions080.htm#i77598",
    EDITION             = "11g R2",
    KEYWORDS            = "orasqlref"
}

@ONLINE{autoId8, 
    BOOKTITLE           = "Oracle Database SQL Language Reference 11g Release 2", 
    SUBTITLE            = "Implicit Data Conversion",
    CHAPTER            = "3",
    URL                 = "http://docs.oracle.com/cd/E11882_01/server.112/e26088/sql_elements002.htm#autoId8",
    EDITION             = "11g R2",
    KEYWORDS            = "orasqlref"
}

@ONLINE{i77725, 
    BOOKTITLE           = "Oracle Database SQL Language Reference 11g Release 2", 
    SUBTITLE            = "LENGTH",
    CHAPTER            = "5",
    URL                 = "http://docs.oracle.com/cd/E11882_01/server.112/e26088/functions088.htm#i77725",
    EDITION             = "11g R2",
    KEYWORDS            = "orasqlref"
}

@ONLINE{i84140, 
    BOOKTITLE           = "Oracle Database SQL Language Reference 11g Release 2", 
    SUBTITLE            = "LOG",
    CHAPTER            = "5",
    URL                 = "http://docs.oracle.com/cd/E11882_01/server.112/e26088/functions093.htm#i84140",
    EDITION             = "11g R2",
    KEYWORDS            = "orasqlref"
}

@ONLINE{i77996, 
    BOOKTITLE           = "Oracle Database SQL Language Reference 11g Release 2", 
    SUBTITLE            = "MOD",
    CHAPTER            = "5",
    URL                 = "http://docs.oracle.com/cd/E11882_01/server.112/e26088/functions101.htm#i77996",
    EDITION             = "11g R2",
    KEYWORDS            = "orasqlref"
}

@ONLINE{i34570, 
    BOOKTITLE           = "Oracle Database SQL Language Reference 11g Release 2", 
    SUBTITLE            = "Number Format Models",
    CHAPTER            = "5",
    URL                 = "http://docs.oracle.com/cd/E11882_01/server.112/e26088/sql_elements004.htm#i34570",
    EDITION             = "11g R2",
    KEYWORDS            = "orasqlref"
}

@ONLINE{i78493, 
    BOOKTITLE           = "Oracle Database SQL Language Reference 11g Release 2", 
    SUBTITLE            = "POWER",
    CHAPTER            = "5",
    URL                 = "http://docs.oracle.com/cd/E11882_01/server.112/e26088/functions129.htm#i78493",
    EDITION             = "11g R2",
    KEYWORDS            = "orasqlref"
}

@ONLINE{i78633, 
    BOOKTITLE           = "Oracle Database SQL Language Reference 11g Release 2", 
    SUBTITLE            = "ROUND",
    CHAPTER            = "5",
    URL                 = "http://docs.oracle.com/cd/E11882_01/server.112/e26088/functions155.htm#i78633",
    EDITION             = "11g R2",
    KEYWORDS            = "orasqlref"
}

@ONLINE{i27561, 
    BOOKTITLE           = "Oracle Database SQL Language Reference 11g Release 2", 
    SUBTITLE            = "Schema Object Names and Qualifiers",
    CHAPTER            = "3",
    URL                 = "http://docs.oracle.com/cd/E11882_01/server.112/e26088/sql_elements008.htm#i27561",
    EDITION             = "11g R2",
    KEYWORDS            = "orasqlref"
}

@ONLINE{i87066, 
    BOOKTITLE           = "Oracle Database SQL Language Reference 11g Release 2", 
    SUBTITLE            = "SUBSTR",
    CHAPTER            = "5",
    URL                 = "http://docs.oracle.com/cd/E11882_01/server.112/e26088/functions181.htm#i87066",
    EDITION             = "11g R2",
    KEYWORDS            = "orasqlref"
}

% Release Notes for Windows orarelnoteswin

@ONLINE{e23557,
    BOOKTITLE           = "Oracle Database Release Notes 11g Release 2 for Microsoft Windows",
    SUBTITLE            = "Oracle Database Release Notes 11g Release 2 for Microsoft Windows",
    CHAPTER             = "",
    URL                 = "http://docs.oracle.com/cd/E11882_01/relnotes.112/e23557/toc.htm",
    EDITION             = "11g R2",
    KEYWORDS            = "orarelnoteswin"
}

% Release Notes for Linux orarelnoteslinux

@ONLINE{e23558,
    BOOKTITLE           = "Oracle Database Release Notes 11g Release 2 for Linux",
    SUBTITLE            = "Oracle Database Release Notes 11g Release 2 for Linux",
    CHAPTER             = "",
    URL                 = "http://docs.oracle.com/cd/E11882_01/relnotes.112/e23558/toc.htm",
    EDITION             = "11g R2",
    KEYWORDS            = "orarelnoteslinux"
}

% Installation Guide for Linux oradbinstallguidelinux

@ONLINE{BABFDGHJ,
    BOOKTITLE           = "Database Installation Guide 11g Release 2 for Linux",
    SUBTITLE            = "Oracle Database Preinstallation Requirements",
    CHAPTER             = "2",
    URL                 = "http://docs.oracle.com/cd/E11882_01/install.112/e24321/pre_install.htm#BABFDGHJ",
    EDITION             = "11g R2",
    KEYWORDS            = "oradbinstallguidelinux"
}

@ONLINE{BABHAIIJ,
    BOOKTITLE           = "Database Installation Guide 11g Release 2 for Linux",
    SUBTITLE            = "Optimal Flexible Architecture",
    CHAPTER             = "D",
    URL                 = "http://docs.oracle.com/cd/E11882_01/install.112/e24321/appendix_ofa.htm#BABHAIIJ",
    EDITION             = "11g R2",
    KEYWORDS            = "oradbinstallguidelinux"
}

% Installation Guide for Windows oradbinstallguidewin

@ONLINE{i1011417,
    BOOKTITLE           = "Database Installation Guide 11g Release 2 for Microsoft Windows",
    SUBTITLE            = "Oracle Database Preinstallation Requirements",
    CHAPTER             = "2",
    URL                 = "http://docs.oracle.com/cd/E11882_01/install.112/e24186/reqs.htm#i1011417",
    EDITION             = "11g R2",
    KEYWORDS            = "oradbinstallguidewin"
}

% Globalization Support Guide oraglobsupguide

@ONLINE{NLSPG002,
    BOOKTITLE           = "Oracle Database Globalization Support Guide 11g Release 2",
    SUBTITLE            = "Choosing a Character Set",
    CHAPTER             = "2",
    URL                 = "http://docs.oracle.com/cd/E11882_01/server.112/e10729/ch2charset.htm#NLSPG002",
    EDITION             = "11g R2",
    KEYWORDS            = "oraglobsupguide"
}

@ONLINE{NLSPG189,
    BOOKTITLE           = "Oracle Database Globalization Support Guide 11g Release 2",
    SUBTITLE            = "Choosing a Locale with the NLS\_LANG Environment Variable",
    CHAPTER             = "3",
    URL                 = "http://docs.oracle.com/cd/E11882_01/server.112/e10729/ch3globenv.htm#NLSPG189",
    EDITION             = "11g R2",
    KEYWORDS            = "oraglobsupguide"
}

@ONLINE{i1006705,
    BOOKTITLE           = "Oracle Database Globalization Support Guide 11g Release 2",
    SUBTITLE            = "Setting The Database Time Zone",
    CHAPTER             = "4",
    URL                 = "http://docs.oracle.com/cd/E11882_01/server.112/e10729/ch4datetime.htm#i1006705",
    EDITION             = "11g R2",
    KEYWORDS            = "oraglobsupguide"
}

% Backup and Recovery Users Guide brusersguide
@ONLINE{i1016424,
    BOOKTITLE           = "Database Backup and Recovery User's Guide 11g Release 2",
    SUBTITLE            = "Control File and Server Parameter File Autobackups",
    CHAPTER             = "7",
    URL                 = "http://docs.oracle.com/cd/B28359_01/backup.111/b28270/rcmcncpt.htm#i1016424",
    EDITION             = "11g R2",
    KEYWORDS            = "brusersguide"
}

@ONLINE{i1006705,
    BOOKTITLE           = "Database Backup and Recovery User's Guide 11g Release 2",
    SUBTITLE            = "Performing Block Media Recovery",
    CHAPTER             = "19",
    URL                 = "http://docs.oracle.com/cd/E11882_01/backup.112/e10642/rcmblock.htm#BRADV89781",
    EDITION             = "11g R2",
    KEYWORDS            = "brusersguide"
}


% Oracle Net Reference oranetref

@ONLINE{NETRF011, 
    BOOKTITLE           = "Oracle Database Net Services Reference 11g Release 2", 
    SUBTITLE            = "Directory Usage Parameters (ldap.ora)",
    CHAPTER            = "9",
    URL                 = "http://docs.oracle.com/cd/E11882_01/network.112/e10835/ldap.htm#NETRF011",
    EDITION             = "11g R2",
    KEYWORDS            = "oranetref"
}

@ONLINE{NETRF008, 
    BOOKTITLE           = "Oracle Database Net Services Reference 11g Release 2", 
    SUBTITLE            = "Oracle Net Listener Parameters (listener.ora)",
    CHAPTER            = "7",
    URL                 = "http://docs.oracle.com/cd/E11882_01/network.112/e10835/listener.htm#NETRF008",
    EDITION             = "11g R2",
    KEYWORDS            = "oranetref"
}

@ONLINE{NETRF007, 
    BOOKTITLE           = "Oracle Database Net Services Reference 11g Release 2", 
    SUBTITLE            = "Local Naming Parameters (tnsnames.ora)",
    CHAPTER            = "6",
    URL                 = "http://docs.oracle.com/cd/E11882_01/network.112/e10835/tnsnames.htm#NETRF007",
    EDITION             = "11g R2",
    KEYWORDS            = "oranetref"
}

@ONLINE{NETRF006, 
    BOOKTITLE           = "Oracle Database Net Services Reference 11g Release 2", 
    SUBTITLE            = "Parameters for the sqlnet.ora File",
    CHAPTER            = "5",
    URL                 = "http://docs.oracle.com/cd/E11882_01/network.112/e10835/sqlnet.htm#NETRF006",
    EDITION             = "11g R2",
    KEYWORDS            = "oranetref"
}

% Net Admin Guide oranetadmin

@ONLINE{CIHGGHEE, 
    BOOKTITLE           = "Oracle Database Net Services Administrator's Guide 11g Release 2", 
    SUBTITLE            = "Connectivity Concepts",
    CHAPTER             = "3",
    URL                 = "http://docs.oracle.com/cd/B28359_01/network.111/b28316/concepts.htm#CIHGGHEE",
    EDITION             = "11g R2",
    KEYWORDS            = "oranetadmin"
}
@ONLINE{i1047762, 
    BOOKTITLE           = "Oracle Database Net Services Administrator's Guide 11g Release 2", 
    SUBTITLE            = "Architectur of Oracle Net Services",
    CHAPTER             = "5",
    URL                 = "http://docs.oracle.com/cd/B28359_01/network.111/b28316/architecture.htm#i1047762",
    EDITION             = "11g R2",
    KEYWORDS            = "oranetadmin"
}
@ONLINE{i507143, 
    BOOKTITLE           = "Oracle Database Net Services Administrator's Guide 11g Release 2", 
    SUBTITLE            = "Configuring Naming Methods",
    CHAPTER             = "8",
    URL                 = "http://docs.oracle.com/cd/B28359_01/network.111/b28316/naming.htm#i507143",
    EDITION             = "11g R2",
    KEYWORDS            = "oranetadmin"
}
@ONLINE{i486171, 
    BOOKTITLE           = "Oracle Database Net Services Administrator's Guide 11g Release 2", 
    SUBTITLE            = "Configuring and Administering Oracle Net Listener",
    CHAPTER             = "10",
    URL                 = "http://docs.oracle.com/cd/B28359_01/network.111/b28316/listenercfg.htm#i486171",
    EDITION             = "11g R2",
    KEYWORDS            = "oranetadmin"
}

% Security Guide orasecguid

@ONLINE{BABGIFFE,
    BOOKTITLE           = "Oracle Database Security Guide 11g Release 2",
    SUBTITLE            = "Creating Users Accounts",
    CHAPTER             = "2",
    URL                 = "http://docs.oracle.com/cd/E11882_01/network.112/e36292/users.htm#BABGIFFE",
    EDITION             = "11g R2",
    KEYWORDS            = "orasecguid"
}

@ONLINE{BABHBDBE,
    BOOKTITLE           = "Oracle Database Security Guide 11g Release 2",
    SUBTITLE            = "Altering User Accounts",
    CHAPTER             = "2",
    URL                 = "http://docs.oracle.com/cd/E11882_01/network.112/e36292/users.htm#BABHBDBE",
    EDITION             = "11g R2",
    KEYWORDS            = "orasecguid"
}

@ONLINE{DBSEG99791,
    BOOKTITLE           = "Oracle Database Security Guide 11g Release 2",
    SUBTITLE            = "Deleting User Accounts",
    CHAPTER             = "2",
    URL                 = "http://docs.oracle.com/cd/E11882_01/network.112/e36292/users.htm#DBSEG99791",
    EDITION             = "11g R2",
    KEYWORDS            = "orasecguid"
}

@ONLINE{DBSEG99887, 
    BOOKTITLE           = "Oracle Database Security Guid 11g Release 2", 
    SUBTITLE            = "Predefined Roles in an Oracle Database Installation",
    CHAPTER             = "4",
    URL                 = "http://docs.oracle.com/cd/E11882_01/network.112/e36292/authorization.htm#DBSEG99887",
    EDITION             = "11g R2",
    KEYWORDS            = "orasecguid"
}
        
@ONLINE{BABCIHGB, 
    BOOKTITLE           = "Oracle Database Security Guide 11g Release 2", 
    SUBTITLE            = "Managing Object Privileges",
    CHAPTER             = "4",
    URL                 = "http://docs.oracle.com/cd/E11882_01/network.112/e36292/authorization.htm#BABCIHGB",
    EDITION             = "11g R2",
    KEYWORDS            = "orasecguid"
}
    
@ONLINE{i1006575, 
    BOOKTITLE           = "Oracle Database Security Guide 11g Release 2", 
    SUBTITLE            = "Using a Password Management Policy",
    CHAPTER             = "3",
    URL                 = "http://docs.oracle.com/cd/E11882_01/network.112/e36292/authentication.htm#i1006575",
    EDITION             = "11g R2",
    KEYWORDS            = "orasecguid"
}
    
@ONLINE{DBSEG99869, 
    BOOKTITLE           = "Oracle Database Security Guide 11g Release 2", 
    SUBTITLE            = "Managing System Privileges",
    CHAPTER             = "4",
    URL                 = "http://docs.oracle.com/cd/E11882_01/network.112/e36292/authorization.htm#DBSEG99869",
    EDITION             = "11g R2",
    KEYWORDS            = "orasecguid"
}
    
@ONLINE{BCGIDBFI, 
    BOOKTITLE           = "Oracle Database Security Guide 11g Release 2", 
    SUBTITLE            = "Verifying Security Access with Auditing",
    CHAPTER             = "9",
    URL                 = "http://docs.oracle.com/cd/E11882_01/network.112/e36292/auditing.htm#BCGIDBFI",
    EDITION             = "11g R2",
    KEYWORDS            = "orasecguid"
}
    
@ONLINE{BCGEJACG, 
    BOOKTITLE           = "Oracle Database Security Guide 11g Release 2", 
    SUBTITLE            = "Settings for the AUDIT\_TRAIL initialization Parameter",
    CHAPTER             = "9",
    URL                 = "http://docs.oracle.com/cd/E11882_01/network.112/e36292/auditing.htm#BCGEJACG",
    EDITION             = "11g R2",
    KEYWORDS            = "orasecguid"
}

% Database Utilities orautilities

@ONLINE{SUTIL004, 
    BOOKTITLE           = "Oracle Database Utilities 11g Release 2", 
    SUBTITLE            = "SQL*Loader Command-Line Reference",
    CHAPTER             = "8",
    URL                 = "http://docs.oracle.com/cd/E11882_01/server.112/e22490/ldr_params.htm#SUTIL004",
    EDITION             = "11g R2",
    KEYWORDS            = "orautilities"
}

@ONLINE{e22490toc, 
    BOOKTITLE           = "Oracle Database Utilities 11g Release 2", 
    SUBTITLE            = "Table of contents",
    CHAPTER             = "",
    URL                 = "http://docs.oracle.com/cd/E11882_01/server.112/e22490/toc.htm",
    EDITION             = "11g R2",
    KEYWORDS            = "orautilities"
}

@ONLINE{e22490part_ldr, 
    BOOKTITLE           = "Oracle Database Utilities 11g Release 2", 
    SUBTITLE            = "Part II",
    CHAPTER             = "",
    URL                 = "http://docs.oracle.com/cd/E11882_01/server.112/e22490/part_ldr.htm",
    EDITION             = "11g R2",
    KEYWORDS            = "orautilities"
}

@ONLINE{b28319et_concepts, 
    BOOKTITLE           = "Oracle Database Utilities 11g Release 2", 
    SUBTITLE            = "External Tables Concepts",
    CHAPTER             = "12",
    URL                 = "http://docs.oracle.com/cd/B28359_01/server.111/b28319/et_concepts.htm",
    EDITION             = "11g R2",
    KEYWORDS            = "orautilities"
}

@ONLINE{b28319et_dp_driver, 
    BOOKTITLE           = "Oracle Database Utilities 11g Release 2", 
    SUBTITLE            = "The ORACLE\_DATAPUMP Access Driver",
    CHAPTER             = "14",
    URL                 = "http://docs.oracle.com/cd/B28359_01/server.111/b28319/et_dp_driver.ht",
    EDITION             = "11g R2",
    KEYWORDS            = "orautilities"
}

@ONLINE{b28319et_params, 
    BOOKTITLE           = "Oracle Database Utilities 11g Release 2", 
    SUBTITLE            = "The ORACLE\_LOADER Access Driver",
    CHAPTER             = "13",
    URL                 = "http://docs.oracle.com/cd/B28359_01/server.111/b28319/et_params.ht",
    EDITION             = "11g R2",
    KEYWORDS            = "orautilities"
}

% Advanced Application Developer's Guide oraadvdevguid

@ONLINE{ADFNS01009, 
    BOOKTITLE           = "Oracle Database Advanced Application Developer's Guide 11g Release 2", 
    SUBTITLE            = "Using DBMS\_FLASHBACK",
    CHAPTER             = "12",
    URL                 = "http://docs.oracle.com/cd/E11882_01/appdev.112/e41502/adfns_flashback.htm#ADFNS01009",
    EDITION             = "11g R2",
    KEYWORDS            = "oraadvdevguid"
}

@ONLINE{ADFNS01003, 
    BOOKTITLE           = "Oracle Database Advanced Application Developer's Guide 11g Release 2", 
    SUBTITLE            = "Using Oracle Flashback Query (SELECT AS OF)",
    CHAPTER             = "12",
    URL                 = "http://docs.oracle.com/cd/E11882_01/appdev.112/e41502/adfns_flashback.htm#ADFNS01003",
    EDITION             = "11g R2",
    KEYWORDS            = "oraadvdevguid"
}

@ONLINE{ADFNS01005, 
    BOOKTITLE           = "Oracle Database Advanced Application Developer's Guide 11g Release 2", 
    SUBTITLE            = "Using Oracle Flashback Transaction Query",
    CHAPTER             = "12",
    URL                 = "http://docs.oracle.com/cd/E11882_01/appdev.112/e41502/adfns_flashback.htm#ADFNS01005",
    EDITION             = "11g R2",
    KEYWORDS            = "oraadvdevguid"
}

@ONLINE{ADFNS01004, 
    BOOKTITLE           = "Oracle Database Advanced Application Developer's Guide 11g Release 2", 
    SUBTITLE            = "Using Flashback Version Query",
    CHAPTER             = "12",
    URL                 = "http://docs.oracle.com/cd/E11882_01/appdev.112/e41502/adfns_flashback.htm#ADFNS01004",
    EDITION             = "11g R2",
    KEYWORDS            = "oraadvdevguid"
}

% Oracle Database PL/SQL Packages and Types Reference

@ONLINE{dflashbhtm, 
    BOOKTITLE           = "Oracle Database PL/SQL Packages and Types Reference 11g Release 2", 
    SUBTITLE            = "DBMS\_FLASHBACK",
    CHAPTER             = "69",
    URL                 = "http://docs.oracle.com/cd/B28359_01/appdev.111/b28419/d_flashb.htm",
    EDITION             = "11g R2",
    KEYWORDS            = "oraplsqlpackref"
}

% Others

@ONLINE{p665,
    BOOKTITLE           = "Checkpointing in Oracle",
    SUBTITLE            = "Checkpointing in Oracle",
    CHAPTER             = "",
    URL                 = "http://www.vldb.org/conf/1998/p665.pdf",
    EDITION             = "11g R2",
    KEYWORDS            = "others"
}

@ONLINE{doctbtthtm,
    BOOKTITLE           = "Bigfile tablespace tips by Burleson Consulting",
    SUBTITLE            = "Bigfile tablespace tips by Burleson Consulting",
    CHAPTER             = "",
    URL                 = "http://www.dba-oracle.com/t_bigfile_tablespace_tips.htm",
    EDITION             = "11g R2",
    KEYWORDS            = "others"
}

@ONLINE{085271,
    BOOKTITLE           = "Auditing in XML, Arup Nanda",
    SUBTITLE            = "Arup Nanda",
    CHAPTER             = "",
    URL                 = "http://www.oracle.com/technetwork/issue-archive/2006/06-jan/o16security-085271.html",
    EDITION             = "11g R2",
    KEYWORDS            = "others"
}

%---------------------------------------------------------------------------------------------------------
%
% Microsoft SQL Server
%
%---------------------------------------------------------------------------------------------------------

@MANUAL{ms143506,
    TITLE               = "Hardware- und Softwareanforderungen für die Installation von SQL Server 2014",
    ORGANIZATION        = "Microsoft Corporation Inc.",
    EDITION             = "SQL Server 2014",
    URL                 = "https://msdn.microsoft.com/de-de/library/ms143506(v=sql.120).aspx",
    KEYWORDS            = "SQLServerAdmin"
}

@MANUAL{ms143547,
    TITLE               = "Dateispeicherorte für Standard- und benannte Instanzen von SQL Server",
    ORGANIZATION        = "Microsoft Corporation Inc.",
    EDITION             = "SQL Server 2014",
    URL                 = "https://technet.microsoft.com/de-de/library/ms143547(v=sql.120).aspx",
    KEYWORDS            = "SQLServerAdmin"
}

@MANUAL{ms162819,
    TITLE               = "sqlservr (Anwendung)",
    ORGANIZATION        = "Microsoft Corporation Inc.",
    EDITION             = "SQL Server 2014",
    URL                 = "https://msdn.microsoft.com/de-de/library/ms162819(v=sql.120).aspx",
    KEYWORDS            = "SQLServerAdmin"
}

@MANUAL{ms173463,
    TITLE               = "CREATE USER (Transact-SQL)",
    ORGANIZATION        = "Microsoft Corporation Inc.",
    EDITION             = "SQL Server 2014",
    URL                 = "https://msdn.microsoft.com/de-de/library/ms173463(v=sql.120).aspx",
    KEYWORDS            = "SQLServerAdmin"
}

@MANUAL{ms174269,
    TITLE               = "ALTER DATABASE (Transact-SQL)",
    ORGANIZATION        = "Microsoft Corporation Inc.",
    EDITION             = "SQL Server 2014",
    URL                 = "https://msdn.microsoft.com/de-de/library/ms174269(v=sql.120).aspx",
    KEYWORDS            = "TSQLReference"
}

@MANUAL{ms174276,
    TITLE               = "POWER (Transact-SQL)",
    ORGANIZATION        = "Microsoft Corporation Inc.",
    EDITION             = "SQL Server 2014",
    URL                 = "https://msdn.microsoft.com/de-de/library/ms174276(v=sql.120).aspx",
    KEYWORDS            = "TSQLReference"
}

@MANUAL{ms174338,
    TITLE               = "DBCC CHECKTABLE (Transact-SQL)",
    ORGANIZATION        = "Microsoft Corporation Inc.",
    EDITION             = "SQL Server 2014",
    URL                 = "https://msdn.microsoft.com/de-de/library/ms174338(v=sql.120).aspx",
    KEYWORDS            = "TSQLReference"
}

@MANUAL{ms174365,
    TITLE               = "Katalogsichten (Transact-SQL)",
    ORGANIZATION        = "Microsoft Corporation Inc.",
    EDITION             = "SQL Server 2014",
    URL                 = "https://msdn.microsoft.com/de-de/library/ms174365(v=sql.120).aspx",
    KEYWORDS            = "TSQLReference"
}

@MANUAL{ms174378,
    TITLE               = "sp\_change\_users\_login (Transact-SQL)",
    ORGANIZATION        = "Microsoft Corporation Inc.",
    EDITION             = "SQL Server 2014",
    URL                 = "https://msdn.microsoft.com/de-de/library/ms174378(v=sql.120).aspx",
    KEYWORDS            = "TSQLReference"
}

@MANUAL{ms174382,
    TITLE               = "CREATE MASTER KEY (Transact-SQL)",
    ORGANIZATION        = "Microsoft Corporation Inc.",
    EDITION             = "SQL Server 2014",
    URL                 = "https://msdn.microsoft.com/de-de/library/ms174382(v=sql.120).aspx",
    KEYWORDS            = "TSQLReference"
}

@MANUAL{ms174988,
    TITLE               = "DROP ROLE (Transact-SQL)",
    ORGANIZATION        = "Microsoft Corporation Inc.",
    EDITION             = "SQL Server 2012",
    URL                 = "https://msdn.microsoft.com/de-de/library/ms174988(v=sql.110).aspx",
    KEYWORDS            = "TSQLReference"
}

@MANUAL{ms175003,
    TITLE               = "ROUND (Transact-SQL)",
    ORGANIZATION        = "Microsoft Corporation Inc.",
    EDITION             = "SQL Server 2014",
    URL                 = "https://msdn.microsoft.com/de-de/library/ms175003(v=sql.120).aspx",
    KEYWORDS            = "TSQLReference"
}

@MANUAL{ms175012,
    TITLE               = "sys.partitions (Transact-SQL)",
    ORGANIZATION        = "Microsoft Corporation Inc.",
    EDITION             = "SQL Server 2012",
    URL                 = "https://msdn.microsoft.com/de-de/library/ms175012(v=sql.110).aspx",
    KEYWORDS            = "TSQLReference"
}

@MANUAL{ms175043,
    TITLE               = "Configure a Windows Firewall for Database Engine Access",
    ORGANIZATION        = "Microsoft Corporation Inc.",
    EDITION             = "Windows Server 2014",
    URL                 = "https://technet.microsoft.com/en-us/library/ms175043(v=sql.120).aspx",
    KEYWORDS            = "WindowsAdmin"
}

@MANUAL{ms175121,
    TITLE               = "LOG10 (Transact-SQL)",
    ORGANIZATION        = "Microsoft Corporation Inc.",
    EDITION             = "SQL Server 2014",
    URL                 = "https://msdn.microsoft.com/de-de/library/ms175121(v=sql.120).aspx",
    KEYWORDS            = "TSQLReference"
}

@MANUAL{ms175475,
    TITLE               = "Problembehandlung bei verwaisten Benutzern (SQL Server)",
    ORGANIZATION        = "Microsoft Corporation Inc.",
    EDITION             = "SQL Server 2014",
    URL                 = "https://msdn.microsoft.com/de-de/library/ms175475(v=sql.120).aspx",
    KEYWORDS            = "SQLServerAdmin"
}

@MANUAL{ms175536,
    TITLE               = "SQL Writer Service",
    ORGANIZATION        = "Microsoft Corporation Inc.",
    EDITION             = "SQL Server",
    URL                 = "https://msdn.microsoft.com/en-us/ms175536.aspx",
    KEYWORDS            = "SQLServerAdmin"
}

@MANUAL{ms175808,
    TITLE               = "VIEW DEFINITION-Berechtigung",
    ORGANIZATION        = "Microsoft Corporation Inc.",
    EDITION             = "SQL Server 2008 R2",
    URL                 = "https://technet.microsoft.com/de-de/library/ms175808(v=sql.105).aspx",
    KEYWORDS            = "SQLServerAdmin"
}

@MANUAL{ms175905,
    TITLE               = "Verschieben eines vorhandenen Indexes in eine andere Dateigruppe",
    ORGANIZATION        = "Microsoft Corporation Inc.",
    EDITION             = "SQL Server 2014",
    URL                 = "https://msdn.microsoft.com/de-DE/library/ms175905(v=sql.120).aspx",
    KEYWORDS            = "SQLServerAdmin"
}

@MANUAL{ms175935,
    TITLE               = "Database File Initialization",
    ORGANIZATION        = "Microsoft Corporation Inc.",
    EDITION             = "SQL Server 2014",
    URL                 = "https://technet.microsoft.com/en-us/library/ms175935(v=sql.120).aspx",
    KEYWORDS            = "SQLServerAdmin"
}

@MANUAL{ms176040,
    TITLE               = "DBCC HELP (Transact-SQL)",
    ORGANIZATION        = "Microsoft Corporation Inc.",
    EDITION             = "SQL Server 2014",
    URL                 = "https://msdn.microsoft.com/de-de/library/ms176040(v=sql.120).aspx",
    KEYWORDS            = "TSQLReference"
}

@MANUAL{ms176060,
    TITLE               = "ALTER USER (Transact-SQL)",
    ORGANIZATION        = "Microsoft Corporation Inc.",
    EDITION             = "SQL Server 2012",
    URL                 = "https://msdn.microsoft.com/de-de/library/ms176060(v=sql.110).aspx",
    KEYWORDS            = "TSQLReference"
}

@MANUAL{ms176061,
    TITLE               = "DBCC CHECKDB (Transact-SQL)",
    ORGANIZATION        = "Microsoft Corporation Inc.",
    EDITION             = "SQL Server 2014",
    URL                 = "https://msdn.microsoft.com/de-de/library/ms176064(v=sql.120).aspx",
    KEYWORDS            = "TSQLReference"
}

@MANUAL{ms176064,
    TITLE               = "CREATE DATABASE (Transact-SQL)",
    ORGANIZATION        = "Microsoft Corporation Inc.",
    EDITION             = "SQL Server 2014",
    URL                 = "https://msdn.microsoft.com/de-de/library/ms176061(v=sql.120).aspx",
    KEYWORDS            = "TSQLReference"
}

@MANUAL{ms176069,
    TITLE               = "RECONFIGURE (Transact-SQL)",
    ORGANIZATION        = "Microsoft Corporation Inc.",
    EDITION             = "SQL Server 2014",
    URL                 = "https://msdn.microsoft.com/de-de/library/ms176069(v=sql.120).aspx",
    KEYWORDS            = "TSQLReference"
}

@MANUAL{ms177456,
    TITLE               = "Deaktivieren von Indizes und Einschränkungen",
    ORGANIZATION        = "Microsoft Corporation Inc.",
    EDITION             = "SQL Server 2014",
    URL                 = "https://msdn.microsoft.com/de-de/library/ms177456(v=sql.120).aspx",
    KEYWORDS            = "SQLServerAdmin"
}

@MANUAL{ms178521,
    TITLE               = "Servereigenschaften (Seite Datenbankeinstellungen)",
    ORGANIZATION        = "Microsoft Corporation Inc.",
    EDITION             = "SQL Server 2014",
    URL                 = "https://msdn.microsoft.com/de-de/library/ms178521(v=sql.120).aspx",
    KEYWORDS            = "SQLServerAdmin"
}

@MANUAL{ms178531,
    TITLE               = "FLOOR (Transact-SQL)",
    ORGANIZATION        = "Microsoft Corporation Inc.",
    EDITION             = "SQL Server 2014",
    URL                 = "https://msdn.microsoft.com/de-de/library/ms178531(v=sql.120).aspx",
    KEYWORDS            = "TSQLReference"
}

@MANUAL{ms178613,
    TITLE               = "DROP DATABASE (Transact-SQL)",
    ORGANIZATION        = "Microsoft Corporation Inc.",
    EDITION             = "SQL Server 2014",
    URL                 = "https://msdn.microsoft.com/de-de/library/ms178613(v=sql.120).aspx",
    KEYWORDS            = "TSQLReference"
}

@MANUAL{ms178640,
    TITLE               = "GRANT Server Principal Permissions (Transact-SQL)",
    ORGANIZATION        = "Microsoft Corporation Inc.",
    EDITION             = "SQL Server 2012",
    URL                 = "https://msdn.microsoft.com/en-us/library/ms178640(v=sql.110).aspx",
    KEYWORDS            = "TSQLReference"
}

@MANUAL{ms179355,
    TITLE               = "Physische Architektur des Transaktionsprotokolls",
    ORGANIZATION        = "Microsoft Corporation Inc.",
    EDITION             = "SQL Server 2008 R2",
    URL                 = "https://msdn.microsoft.com/de-de/library/ms179355(v=sql.105).aspx",
    KEYWORDS            = "SQLServerAdmin"
    
}

@MANUAL{ms180124,
    TITLE               = "Servereigenschaften (Seite Verbindungen)",
    ORGANIZATION        = "Microsoft Corporation Inc.",
    EDITION             = "SQL Server 2014",
    URL                 = "https://msdn.microsoft.com/de-de/library/ms180124(v=sql.120).aspx",
    KEYWORDS            = "SQLServerAdmin"
}

@MANUAL{ms180892,
    TITLE               = "Logische Architektur des Transaktionsprotokolls",
    ORGANIZATION        = "Microsoft Corporation Inc.",
    EDITION             = "SQL Server 2008 R2",
    URL                 = "https://msdn.microsoft.com/de-de/library/ms180892(v=sql.105).aspx",
    KEYWORDS            = "SQLServerAdmin"
}

@MANUAL{ms181127,
    TITLE               = "Prinzipale (Datenbankmodul)",
    ORGANIZATION        = "Microsoft Corporation Inc.",
    EDITION             = "SQL Server 2014",
    URL                 = "https://msdn.microsoft.com/de-de/library/ms181127(v=sql.120).aspx",
    KEYWORDS            = "SQLServerAdmin"
}

@MANUAL{ms183524,
    TITLE               = "Verteilungsdatenbank",
    ORGANIZATION        = "Microsoft Corporation Inc.",
    EDITION             = "SQL Server 2014",
    URL                 = "https://msdn.microsoft.com/de-de/library/ms183524(v=sql.120).aspx",
    KEYWORDS            = "SQLServerAdmin"
}

@MANUAL{ms186226,
    TITLE               = "REVOKE Server Principal Permissions (Transact-SQL)",
    ORGANIZATION        = "Microsoft Corporation Inc.",
    EDITION             = "SQL Server 2012",
    URL                 = "https://msdn.microsoft.com/en-us/library/ms186226(v=sql.110).aspx",
    KEYWORDS            = "TSQLReference"
}

@MANUAL{ms186323,
    TITLE               = "CHARINDEX (Transact-SQL)",
    ORGANIZATION        = "Microsoft Corporation Inc.",
    EDITION             = "SQL Server 2014",
    URL                 = "https://msdn.microsoft.com/de-de/library/ms186323(v=sql.120).aspx",
    KEYWORDS            = "TSQLReference"
}

@MANUAL{ms186342,
    TITLE               = "Erstellen gruppierter Indizes",
    ORGANIZATION        = "Microsoft Corporation Inc.",
    EDITION             = "SQL Server 2014",
    URL                 = "https://msdn.microsoft.com/de-de/library/ms186342.aspx",
    KEYWORDS            = "SQLServerAdmin"
}

@MANUAL{ms186388,
    TITLE               = "Modelldatenbank",
    ORGANIZATION        = "Microsoft Corporation Inc.",
    EDITION             = "SQL Server 2014",
    URL                 = "https://msdn.microsoft.com/de-de/library/ms186388(v=sql.120).aspx",
    KEYWORDS            = "SQLServerAdmin"
}

@MANUAL{ms186710,
    TITLE               = "DENY Server Principal Permissions (Transact-SQL)",
    ORGANIZATION        = "Microsoft Corporation Inc.",
    EDITION             = "SQL Server 2012",
    URL                 = "https://msdn.microsoft.com/en-us/library/ms186710(v=sql.110).aspx",
    KEYWORDS            = "TSQLReference"
}

@MANUAL{ms186717,
    TITLE               = "GRANT Server Permissions (Transact-SQL)",
    ORGANIZATION        = "Microsoft Corporation Inc.",
    EDITION             = "SQL Server 2012",
    URL                 = "https://msdn.microsoft.com/en-us/library/ms186717(v=sql.110).aspx",
    KEYWORDS            = "TSQLReference"
}

@MANUAL{ms186778,
    TITLE               = "Informationsschemasichten (Transact-SQL)",
    ORGANIZATION        = "Microsoft Corporation Inc.",
    EDITION             = "SQL Server 2014",
    URL                 = "https://msdn.microsoft.com/de-de/library/ms186778(v=sql.120).aspx",
    KEYWORDS            = "TSQLReference"
}

@MANUAL{ms187019,
    TITLE               = "Erstellen eindeutiger Indizes",
    ORGANIZATION        = "Microsoft Corporation Inc.",
    EDITION             = "SQL Server 2014",
    URL                 = "https://msdn.microsoft.com/de-de/library/ms187019.aspx",
    KEYWORDS            = "SQLServerAdmin"
}

@MANUAL{ms187104,
    TITLE               = "Affinitätsmaske (Serverkonfiguration)",
    ORGANIZATION        = "Microsoft Corporation Inc.",
    EDITION             = "SQL Server 2014",
    URL                 = "https://msdn.microsoft.com/de-de/library/ms187104(v=sql.120).aspx",
    KEYWORDS            = "SQLServerAdmin"
}

@MANUAL{ms187112,
    TITLE               = "msdb-Datenbank",
    ORGANIZATION        = "Microsoft Corporation Inc.",
    EDITION             = "SQL Server 2014",
    URL                 = "https://msdn.microsoft.com/de-de/library/ms187112(v=sql.120).aspx",
    KEYWORDS            = "SQLServerAdmin"
}

@MANUAL{ms187332,
    TITLE               = "DBCC CHECKFILEGROUP (Transact-SQL)",
    ORGANIZATION        = "Microsoft Corporation Inc.",
    EDITION             = "SQL Server 2014",
    URL                 = "https://msdn.microsoft.com/de-de/library/ms187332(v=sql.120).aspx",
    KEYWORDS            = "TSQLReference"
}
@MANUAL{ms187376,
    TITLE               = "Kompatibilitätssichten (Transact-SQL)",
    ORGANIZATION        = "Microsoft Corporation Inc.",
    EDITION             = "SQL Server 2012",
    URL                 = "https://msdn.microsoft.com/de-de/library/ms187376(v=sql.110).aspx",
    KEYWORDS            = "TSQLReference"
}
@MANUAL{ms187501,
    TITLE               = "Managing Space Used by Objects",
    ORGANIZATION        = "Microsoft Corporation Inc.",
    EDITION             = "SQL Server 2008 R2",
    URL                 = "https://technet.microsoft.com/en-us/library/ms187501(v=sql.105).aspx",
    KEYWORDS            = "SQLServerAdmin"
}

@MANUAL{ms187728,
    TITLE               = "REVOKE (Transact-SQL)",
    ORGANIZATION        = "Microsoft Corporation Inc.",
    EDITION             = "SQL Server 2012",
    URL                 = "https://msdn.microsoft.com/de-de/library/ms187728(v=sql.110).aspx",
    KEYWORDS            = "TSQLReference"
}

@MANUAL{ms187748,
    TITLE               = "SUBSTRING (Transact-SQL)",
    ORGANIZATION        = "Microsoft Corporation Inc.",
    EDITION             = "SQL Server 2014",
    URL                 = "https://msdn.microsoft.com/de-de/library/ms187748(v=sql.120).aspx",
    KEYWORDS            = "TSQLReference"
}

@MANUAL{ms187798,
    TITLE               = "CREATE CERTIFICATE (Transact-SQL)",
    ORGANIZATION        = "Microsoft Corporation Inc.",
    EDITION             = "SQL Server 2012",
    URL                 = "https://msdn.microsoft.com/de-de/library/ms187798(v=sql.110).aspx",
    KEYWORDS            = "TSQLReference"
}

@MANUAL{ms187837,
    TITLE               = "master-Datenbank",
    ORGANIZATION        = "Microsoft Corporation Inc.",
    EDITION             = "SQL Server 2014",
    URL                 = "https://technet.microsoft.com/de-de/library/ms187837(v=sql.120).aspx",
    KEYWORDS            = "SQLServerAdmin"
}

@MANUAL{ms187879,
    TITLE               = "Using Identifiers As Object Names",
    ORGANIZATION        = "Microsoft Corporation Inc.",
    EDITION             = "SQL Server 2008 R2",
    URL                 = "https://msdn.microsoft.com/de-de/library/ms187879(v=sql.105).aspx",
    KEYWORDS            = "TSQLReference"
}

@MANUAL{ms187936,
    TITLE               = "CREATE ROLE (Transact-SQL)",
    ORGANIZATION        = "Microsoft Corporation Inc.",
    EDITION             = "SQL Server 2012",
    URL                 = "https://msdn.microsoft.com/de-de/library/ms187936(v=sql.110).aspx",
    KEYWORDS            = "TSQLReference"
}

@MANUAL{ms187965,
    TITLE               = "GRANT (Transact-SQL)",
    ORGANIZATION        = "Microsoft Corporation Inc.",
    EDITION             = "SQL Server 2012",
    URL                 = "https://msdn.microsoft.com/de-de/library/ms187965(v=sql.110).aspx",
    KEYWORDS            = "TSQLReference"
}

@MANUAL{ms187997,
    TITLE               = "Zuordnen von Systemtabellen zu Systemsichten  (Transact-SQL)",
    ORGANIZATION        = "Microsoft Corporation Inc.",
    EDITION             = "SQL Server 2014",
    URL                 = "https://msdn.microsoft.com/de-de/library/ms187997(v=sql.120).aspx",
    KEYWORDS            = "SQLServerAdmin"
}

@MANUAL{ms188012,
    TITLE               = "DROP LOGIN (Transact-SQL)",
    ORGANIZATION        = "Microsoft Corporation Inc.",
    EDITION             = "SQL Server 2014",
    URL                 = "https://msdn.microsoft.com/de-de/library/ms188012(v=sql.120).aspx",
    KEYWORDS            = "TSQLReference"
}

@MANUAL{ms188031,
    TITLE               = "sp\_detach\_db (Transact-SQL)",
    ORGANIZATION        = "Microsoft Corporation Inc.",
    EDITION             = "SQL Server 2014",
    URL                 = "https://msdn.microsoft.com/de-de/library/ms188031(v=sql.120).aspx",
    KEYWORDS            = "TSQLReference"
}

@MANUAL{ms188124,
    TITLE               = "Datenbankeigenschaften (Seite Optionen)",
    ORGANIZATION        = "Microsoft Corporation Inc.",
    EDITION             = "SQL Server 2014",
    URL                 = "https://msdn.microsoft.com/de-de/library/ms188124(v=sql.120).aspx",
    KEYWORDS            = "TSQLReference"
}

@MANUAL{ms188270,
    TITLE               = "Heap Structures",
    ORGANIZATION        = "Microsoft Corporation Inc.",
    EDITION             = "SQL Server 2008 R2",
    URL                 = "https://msdn.microsoft.com/de-de/library/ms188270(v=sql.105).aspx",
    KEYWORDS            = "SQLServerAdmin"
}

@MANUAL{ms188338,
    TITLE               = "DENY (Transact-SQL)",
    ORGANIZATION        = "Microsoft Corporation Inc.",
    EDITION             = "SQL Server 2012",
    URL                 = "https://msdn.microsoft.com/de-de/library/ms188338(v=sql.110).aspx",
    KEYWORDS            = "TSQLReference"
}

@MANUAL{ms188371,
    TITLE               = "GRANT (Objektberechtigungen) (Transact-SQL)",
    ORGANIZATION        = "Microsoft Corporation Inc.",
    EDITION             = "SQL Server 2012",
    URL                 = "https://msdn.microsoft.com/de-de/library/ms188371(v=sql.110).aspx",
    KEYWORDS            = "TSQLReference"
}

@MANUAL{ms188396,
    TITLE               = "Trace Flags (Transact-SQL)",
    ORGANIZATION        = "Microsoft Corporation Inc.",
    EDITION             = "SQL Server 2012",
    URL                 = "https://msdn.microsoft.com/en-us/library/ms188396.aspx",
    KEYWORDS            = "TSQLReference"
}

@MANUAL{ms188470,
    TITLE               = "Servereigenschaften (Sicherheit)",
    ORGANIZATION        = "Microsoft Corporation Inc.",
    EDITION             = "SQL Server 2014",
    URL                 = "https://msdn.microsoft.com/de-de/library/ms188470(1v=sql.120).aspx",
    KEYWORDS            = "SQLServerAdmin"
}

@MANUAL{ms188659,
    TITLE               = "Rollen auf Serverebene",
    ORGANIZATION        = "Microsoft Corporation Inc.",
    EDITION             = "SQL Server 2014",
    URL                 = "https://msdn.microsoft.com/library/ms188659.aspx",
    KEYWORDS            = "SQLServerAdmin"
}

@MANUAL{ms188676,
    TITLE               = "Ownership Chains",
    ORGANIZATION        = "Microsoft Corporation Inc.",
    EDITION             = "SQL Server 2008 R2",
    URL                 = "https://technet.microsoft.com/en-us/library/ms188676(v=sql.105).aspx",
    KEYWORDS            = "SQLServerAdmin"
}

@MANUAL{ms188706,
    TITLE               = "Partitioned Tables and Indexes",
    ORGANIZATION        = "Microsoft Corporation Inc.",
    EDITION             = "SQL Server 2008 R2",
    URL                 = "https://technet.microsoft.com/en-us/library/ms188706(v=sql.105).aspx",
    KEYWORDS            = "SQLServerAdmin"
}

@MANUAL{ms188754,
    TITLE               = "Dynamische Verwaltungssichten und Funktionen (Transact-SQL)",
    ORGANIZATION        = "Microsoft Corporation Inc.",
    EDITION             = "SQL Server 2014",
    URL                 = "https://msdn.microsoft.com/de-de/library/ms188754(v=sql.120).aspx",
    KEYWORDS            = "TSQLReference"
}

@MANUAL{ms188787,
    TITLE               = "sp\_configure (Transact-SQL)",
    ORGANIZATION        = "Microsoft Corporation Inc.",
    EDITION             = "SQL Server 2014",
    URL                 = "https://msdn.microsoft.com/de-de/library/ms188787(v=sql.120).aspx",
    KEYWORDS            = "TSQLReference"
}

@MANUAL{ms189051,
    TITLE               = "Table and Index Organization",
    ORGANIZATION        = "Microsoft Corporation Inc.",
    EDITION             = "SQL Server 2008 R2",
    URL                 = "https://technet.microsoft.com/en-us/library/ms189051(v=sql.105).aspx",
    KEYWORDS            = "SQLServerAdmin"
}

@MANUAL{ms189060,
    TITLE               = "Service Master Key",
    ORGANIZATION        = "Microsoft Corporation Inc.",
    EDITION             = "SQL Server 2014",
    URL                 = "https://msdn.microsoft.com/en-us/library/ms189060(v=sql.120).aspx",
    KEYWORDS            = "SQLServerAdmin"
}

@MANUAL{ms189067,
    TITLE               = "Encrypting Connections to SQL Server",
    ORGANIZATION        = "Microsoft Corporation Inc.",
    EDITION             = "SQL Server 2008 R2",
    URL                 = "https://technet.microsoft.com/en-us/library/ms189067(v=sql.105).aspx",
    KEYWORDS            = "SQLServerAdmin"
}

@MANUAL{ms189121,
    TITLE               = "Rollen auf Datenbankebene",
    ORGANIZATION        = "Microsoft Corporation Inc.",
    EDITION             = "SQL Server 2014",
    URL                 = "https://msdn.microsoft.com/library/ms189121.aspx",
    KEYWORDS            = "SQLServerAdmin"
}

@MANUAL{ms189280,
    TITLE               = "Erstellen nicht gruppierter Indizes",
    ORGANIZATION        = "Microsoft Corporation Inc.",
    EDITION             = "SQL Server 2014",
    URL                 = "https://msdn.microsoft.com/de-de/library/ms189280(v=sql.120).aspx",
    KEYWORDS            = "SQLServerAdmin"
}

@MANUAL{ms189357,
    TITLE               = "Servereigenschaften (Seite Erweitert)",
    ORGANIZATION        = "Microsoft Corporation Inc.",
    EDITION             = "SQL Server 2014",
    URL                 = "https://msdn.microsoft.com/de-de/library/ms189357(v=sql.120).aspx",
    KEYWORDS            = "SQLServerAdmin"
}

@MANUAL{ms189438,
    TITLE               = "DROP USER (Transact-SQL)",
    ORGANIZATION        = "Microsoft Corporation Inc.",
    EDITION             = "SQL Server 2012",
    URL                 = "https://msdn.microsoft.com/de-de/library/ms189438(v=sql.110).aspx",
    KEYWORDS            = "TSQLReference"
}

@MANUAL{ms189493,
    TITLE               = "DBCC SHRINKFILE (Transact-SQL)",
    ORGANIZATION        = "Microsoft Corporation Inc.",
    EDITION             = "SQL Server 2014",
    URL                 = "https://msdn.microsoft.com/de-de/library/ms189493(v=sql.120).aspx",
    KEYWORDS            = "TSQLReference"
}

@MANUAL{ms189496,
    TITLE               = "DBCC CHECKCONSTRAINTS (Transact-SQL)",
    ORGANIZATION        = "Microsoft Corporation Inc.",
    EDITION             = "SQL Server 2014",
    URL                 = "https://msdn.microsoft.com/de-de/library/ms189496(v=sql.120).aspx",
    KEYWORDS            = "TSQLReference"
}

@MANUAL{ms189595,
    TITLE               = "Diagnostic Connection for Database Administrators",
    ORGANIZATION        = "Microsoft Corporation Inc.",
    EDITION             = "SQL Server 2014",
    URL                 = "https://technet.microsoft.com/en-us/library/ms189595(v=sql.120).aspx",
    KEYWORDS            = "SQLServerAdmin"
}

@MANUAL{ms189605,
    TITLE               = "Abfragetypen und Indizes",
    ORGANIZATION        = "Microsoft Corporation Inc.",
    EDITION             = "SQL Server 2008 R2",
    URL                 = "https://msdn.microsoft.com/de-de/library/ms189605(v=sql.105).aspx",
    KEYWORDS            = "SQLServerAdmin"
}

@MANUAL{ms189612,
    TITLE               = "Berechtigungen der festen Datenbankrollen (Datenbankmodul)",
    ORGANIZATION        = "Microsoft Corporation Inc.",
    EDITION             = "SQL Server 2008 R2",
    URL                 = "https://msdn.microsoft.com/library/ms189612.aspx",
    KEYWORDS            = "SQLServerAdmin"
}

@MANUAL{ms189629,
    TITLE               = "Affinity I/O Mask (Serverkonfigurationsoption)",
    ORGANIZATION        = "Microsoft Corporation Inc.",
    EDITION             = "SQL Server 2014",
    URL                 = "https://msdn.microsoft.com/de-de/library/ms189629(v=sql.120).aspx",
    KEYWORDS            = "SQLServerAdmin"
}

@MANUAL{ms189768,
    TITLE               = "DBCC SQLPERF (Transact-SQL)",
    ORGANIZATION        = "Microsoft Corporation Inc.",
    EDITION             = "SQL Server 2014",
    URL                 = "https://msdn.microsoft.com/de-de/library/ms189768(v=sql.120).aspx",
    KEYWORDS            = "SQLServerAdmin"
}

@MANUAL{ms189775,
    TITLE               = "ALTER ROLE (Transact-SQL)",
    ORGANIZATION        = "Microsoft Corporation Inc.",
    EDITION             = "SQL Server 2014",
    URL                 = "https://msdn.microsoft.com/de-de/library/ms189775(v=sql.120).aspx",
    KEYWORDS            = "TSQLReference"
}

@MANUAL{ms189818,
    TITLE               = "CEILING (Transact-SQL)",
    ORGANIZATION        = "Microsoft Corporation Inc.",
    EDITION             = "SQL Server 2014",
    URL                 = "https://msdn.microsoft.com/de-de/library/ms189818(v=sql.120).aspx",
    KEYWORDS            = "TSQLReference"
}

@MANUAL{ms189828,
    TITLE               = "ALTER LOGIN (Transact-SQL)",
    ORGANIZATION        = "Microsoft Corporation Inc.",
    EDITION             = "SQL Server 2014",
    URL                 = "https://msdn.microsoft.com/de-de/library/ms189828(v=sql.120).aspx",
    KEYWORDS            = "TSQLReference"
}

@MANUAL{ms189858,
    TITLE               = "Neuorganisieren und Neuerstellen von Indizes",
    ORGANIZATION        = "Microsoft Corporation Inc.",
    EDITION             = "SQL Server 2014",
    URL                 = "https://msdn.microsoft.com/de-de/library/ms189858(v=sql.120).aspx",
    KEYWORDS            = "SQLServerAdmin"
}

@MANUAL{ms190309,
    TITLE               = "Rangfolge der Datentypen (Transact-SQL)",
    ORGANIZATION        = "Microsoft Corporation Inc.",
    EDITION             = "SQL Server 2014",
    URL                 = "https://msdn.microsoft.com/de-de/library/ms190309(v=sql.120).aspx",
    KEYWORDS            = "TSQLReference"
}

@MANUAL{ms190312,
    TITLE               = "OPENROWSET (Transact-SQL)",
    ORGANIZATION        = "Microsoft Corporation Inc.",
    EDITION             = "SQL Server 2014",
    URL                 = "https://msdn.microsoft.com/de-de/library/ms190312(v=sql.120).aspx",
    KEYWORDS            = "TSQLReference"
}

@MANUAL{ms190329,
    TITLE               = "LEN (Transact-SQL)",
    ORGANIZATION        = "Microsoft Corporation Inc.",
    EDITION             = "SQL Server 2014",
    URL                 = "https://msdn.microsoft.com/de-de/library/ms190329(v=sql.120).aspx",
    KEYWORDS            = "TSQLReference"
}

@MANUAL{ms190401,
    TITLE               = "Sicherungsfähige Elemente",
    ORGANIZATION        = "Microsoft Corporation Inc.",
    EDITION             = "SQL Server 2014",
    URL                 = "https://msdn.microsoft.com/de-de/library/ms190401(v=sql.120).aspx",
    KEYWORDS            = "SQLServerAdmin"
}

@MANUAL{ms190468,
    TITLE               = "remote admin connections Option",
    ORGANIZATION        = "Microsoft Corporation Inc.",
    EDITION             = "SQL Server 2008 R2",
    URL                 = "https://technet.microsoft.com/en-us/library/ms190468(v=sql.105).aspx",
    KEYWORDS            = "SQLServerAdmin"
}

@MANUAL{ms190488,
    TITLE               = "DBCC SHRINKDATABASE (Transact-SQL)",
    ORGANIZATION        = "Microsoft Corporation Inc.",
    EDITION             = "SQL Server 2014",
    URL                 = "https://msdn.microsoft.com/de-de/library/ms190488(v=sql.120).aspx",
    KEYWORDS            = "SQLServerAdmin"
}

@MANUAL{ms190645,
    TITLE               = "Aktivieren von Indizes und Einschränkungen",
    ORGANIZATION        = "Microsoft Corporation Inc.",
    EDITION             = "SQL Server 2014",
    URL                 = "https://msdn.microsoft.com/de-de/library/ms190645(v=sql.120).aspx",
    KEYWORDS            = "SQLServerAdmin"
}

@MANUAL{ms190730,
    TITLE               = "Enable the Lock Pages in Memory Option (Windows)",
    ORGANIZATION        = "Microsoft Corporation Inc.",
    EDITION             = "Windows Server 2012",
    URL                 = "https://msdn.microsoft.com/en-us/ms190730.aspx",
    KEYWORDS            = "WindowsAdmin"
}

@MANUAL{ms190768,
    TITLE               = "tempdb-Datenbank",
    ORGANIZATION        = "Microsoft Corporation Inc.",
    EDITION             = "SQL Server 2014",
    URL                 = "https://msdn.microsoft.com/de-de/library/ms190768(v=sql.120).aspx",
    KEYWORDS            = "SQLServerAdmin"
}

@MANUAL{ms190794,
    TITLE               = "Anfügen und Trennen von Datenbanken (SQL Server)",
    ORGANIZATION        = "Microsoft Corporation Inc.",
    EDITION             = "SQL Server 2014",
    URL                 = "https://msdn.microsoft.com/de-de/library/ms190794(v=sql.120).aspx",
    KEYWORDS            = "SQLServerAdmin"
}

@MANUAL{ms190806,
    TITLE               = "Erstellen von Indizes mit eingeschlossenen Spalten",
    ORGANIZATION        = "Microsoft Corporation Inc.",
    EDITION             = "SQL Server 2014",
    URL                 = "https://msdn.microsoft.com/de-de/library/ms190806.aspx",
    KEYWORDS            = "SQLServerAdmin"
}

@MANUAL{ms190925,
    TITLE               = "The Transaction Log (SQL Server)",
    ORGANIZATION        = "Microsoft Corporation Inc.",
    EDITION             = "SQL Server 2014",
    URL                 = "https://technet.microsoft.com/en-us/library/ms190925(v=sql.120).aspx",
    KEYWORDS            = "TSQLReference"
}

@MANUAL{ms190940,
    TITLE               = "Ressourcendatenbank",
    ORGANIZATION        = "Microsoft Corporation Inc.",
    EDITION             = "SQL Server 2014",
    URL                 = "https://msdn.microsoft.com/de-de/library/ms190940(v=sql.120).aspx",
    KEYWORDS            = "SQLServerAdmin"
}

@MANUAL{ms191153,
    TITLE               = "Register a Service Principal Name for Kerberos Connections",
    ORGANIZATION        = "Microsoft Corporation Inc.",
    EDITION             = "SQL Server 2014",
    URL                 = "https://msdn.microsoft.com/de-de/library/ms191153(v=sql.120).aspx",
    KEYWORDS            = "SQLServerAdmin"
}
         
@MANUAL{ms191192,
    TITLE               = "How to: Enable Encrypted Connections to the Database Engine (SQL Server Configuration Manager)",
    ORGANIZATION        = "Microsoft Corporation Inc.",
    EDITION             = "SQL Server 2008 R2",
    URL                 = "https://technet.microsoft.com/en-us/library/ms191192(v=sql.105).aspx",
    KEYWORDS            = "SQLServerAdmin"
}

@MANUAL{ms191291,
    TITLE               = "Berechtigungen (Datenbankmodul)",
    ORGANIZATION        = "Microsoft Corporation Inc.",
    EDITION             = "SQL Server 2014",
    URL                 = "https://msdn.microsoft.com/de-de/library/ms191291(v=sql.120).aspx",
    KEYWORDS            = "SQLServerAdmin"
}
         
@MANUAL{ms191530,
    TITLE               = "Datentypkonvertierung (Datenbankmodul)",
    ORGANIZATION        = "Microsoft Corporation Inc.",
    EDITION             = "SQL Server 2014",
    URL                 = "https://msdn.microsoft.com/de-de/library/ms191530(v=sql.120).aspx",
    KEYWORDS            = "TSQLReference"
}

@MANUAL{ms677601,
    TITLE               = "Name Formats for Unique SPNs",
    ORGANIZATION        = "Microsoft Corporation Inc.",
    EDITION             = " ",
    URL                 = "https://msdn.microsoft.com/en-us/library/ms677601(v=VS.85).aspx",
    KEYWORDS            = "WindowsServerAdmin"
}

@MANUAL{aa337545,
    TITLE               = "Erstellen eines Datenbankbenutzers",
    ORGANIZATION        = "Microsoft Corporation Inc.",
    EDITION             = "SQL Server 2014",
    URL                 = "https://msdn.microsoft.com/de-de/library/aa337545(v=sql.120).aspx",
    KEYWORDS            = "WindowsServerAdmin"
}

@MANUAL{aa337551,
    TITLE               = "Erstellen eines Datenbank-Hauptschlüssels",
    ORGANIZATION        = "Microsoft Corporation Inc.",
    EDITION             = "SQL Server 2014",
    URL                 = "https://msdn.microsoft.com/de-de/library/aa337551(v=sql.120).aspx",
    KEYWORDS            = "WindowsServerAdmin"
}

@MANUAL{bb522469,
    TITLE               = "ALTER DATABASE-Optionen Datei und Dateigruppe (Transact-SQL)",
    ORGANIZATION        = "Microsoft Corporation Inc.",
    EDITION             = "SQL Server 2014",
    URL                 = "https://msdn.microsoft.com/de-de/library/bb522469(v=sql.120).aspx",
    KEYWORDS            = "TSQLReference"
}

@MANUAL{bb522682,
    TITLE               = "ALTER DATABASE SET-Optionen (Transact-SQL)",
    ORGANIZATION        = "Microsoft Corporation Inc.",
    EDITION             = "SQL Server 2014",
    URL                 = "https://msdn.microsoft.com/de-de/library/bb522682(v=sql.120).aspx",
    KEYWORDS            = "TSQLReference"
}

@MANUAL{bb669065,
    TITLE               = "Server- und Datenbankrollen in SQL Server",
    ORGANIZATION        = "Microsoft Corporation Inc.",
    EDITION             = ".NET Framework (current version)",
    URL                 = "https://msdn.microsoft.com/de-de/library/bb669065(v=vs.110).aspx",
    KEYWORDS            = "SQLServerAdmin"
}

@MANUAL{bb669084,
    TITLE               = "Autorisierung und Berechtigungen in SQL Server",
    ORGANIZATION        = "Microsoft Corporation Inc.",
    EDITION             = ".NET Framework (current version)",
    URL                 = "https://msdn.microsoft.com/de-de/library/bb669084(v=vs.110).aspx",
    KEYWORDS            = "SQLServerAdmin"
}

@MANUAL{bb677241,
    TITLE               = "CREATE DATABASE ENCRYPTION KEY (Transact-SQL)",
    ORGANIZATION        = "Microsoft Corporation Inc.",
    EDITION             = "SQL Server 2012",
    URL                 = "https://msdn.microsoft.com/de-de/library/bb677241(v=sql.110).aspx",
    KEYWORDS            = "SQLServerAdmin"
}

@MANUAL{bb895327,
    TITLE               = "SQL Server Certificates and Asymmetric Keys",
    ORGANIZATION        = "Microsoft Corporation Inc.",
    EDITION             = "SQL Server 2012",
    URL                 = "https://msdn.microsoft.com/en-us/library/bb895327(v=sql.110).aspx",
    KEYWORDS            = "SQLServerAdmin"
}

@MANUAL{bb934049,
    TITLE               = "Transparente Datenverschlüsselung (TDE)",
    ORGANIZATION        = "Microsoft Corporation Inc.",
    EDITION             = "SQL Server 2014",
    URL                 = "https://msdn.microsoft.com/de-de/library/bb934049(v=sql.120).aspx",
    KEYWORDS            = "SQLServerAdmin"
}

@MANUAL{bb964742,
    TITLE               = "SQL Server and Database Encryption Keys (Database Engine)",
    ORGANIZATION        = "Microsoft Corporation Inc.",
    EDITION             = "SQL Server 2014",
    URL                 = "https://msdn.microsoft.com/en-us/library/bb964742(v=sql.120).aspx",
    KEYWORDS            = "SQLServerAdmin"
}

@MANUAL{cc280372,
    TITLE               = "Erstellen gefilterter Indizes",
    ORGANIZATION        = "Microsoft Corporation Inc.",
    EDITION             = "SQL Server 2014",
    URL                 = "https://msdn.microsoft.com/de-de/library/cc280372.aspx",
    KEYWORDS            = "SQLServerAdmin"
}

@MANUAL{cc280525,
    TITLE               = "Erstellen einer Serverüberwachung und einer Serverüberwachungsspezifikation",
    ORGANIZATION        = "Microsoft Corporation Inc.",
    EDITION             = "SQL Server 2014",
    URL                 = "https://msdn.microsoft.com/de-de/library/cc280525(v=sql.120).aspx",
    KEYWORDS            = "SQLServerAdmin"
}


@MANUAL{cc280663,
    TITLE               = "SQL Server Audit-Aktionsgruppen und -Aktionen",
    ORGANIZATION        = "Microsoft Corporation Inc.",
    EDITION             = "SQL Server 2014",
    URL                 = "https://msdn.microsoft.com/de-de/library/cc280663(v=sql.120).aspx",
    KEYWORDS            = "SQLServerAdmin"
}

@MANUAL{cc280744,
    TITLE               = "Kerberos-Authentifizierung und SQL Server",
    ORGANIZATION        = "Microsoft Corporation Inc.",
    EDITION             = "SQL Server 2008 R2",
    URL                 = "https://technet.microsoft.com/de-de/library/cc280744(v=sql.105).aspx",
    KEYWORDS            = "SQLServerAdmin"
}

@MANUAL{cc280745,
    TITLE               = "Verwenden der Kerberos-Authentifizierung mit SQL Server",
    ORGANIZATION        = "Microsoft Corporation Inc.",
    EDITION             = "SQL Server 2008 R2",
    URL                 = "https://technet.microsoft.com/de-de/library/cc280745%28v=sql.105%29.aspx",
    KEYWORDS            = "SQLServerAdmin"
}

@MANUAL{cc755804,
    TITLE               = "How Service Publication and Service Principal Names Work",
    ORGANIZATION        = "Microsoft Corporation Inc.",
    EDITION             = "Windows Server 2012",
    URL                 = "https://technet.microsoft.com/en-us/library/cc755804(v=ws.10).aspx",
    KEYWORDS            = "WindowsServerAdmin"
}

@MANUAL{dd304523,
    TITLE               = "[MS-TDS]: Tabular Data Stream Protocol",
    ORGANIZATION        = "Microsoft Corporation Inc.",
    EDITION             = "SQL Server 2012",
    URL                 = "https://msdn.microsoft.com/en-us/library/dd304523.aspx",
    KEYWORDS            = "SQLServerAdmin"
}

@MANUAL{dd391923,
    TITLE               = "Resetting the Password of a Managed Service Account",
    ORGANIZATION        = "Microsoft Corporation Inc.",
    EDITION             = "Windows Server 2012",
    URL                 = "https://technet.microsoft.com/de-de/library/dd391923(v=ws.10).aspx",
    KEYWORDS            = "WindowsServerAdmin"
}

@MANUAL{dn133182,
    TITLE               = "Collations and Code Pages",
    ORGANIZATION        = "Microsoft Corporation Inc.",
    EDITION             = "SQL Server 2014",
    URL                 = "https://msdn.microsoft.com/en-us/library/dn133182(v=sql.120).aspx",
    KEYWORDS            = "SQLServerAdmin"
}

@MANUAL{dn205318,
    TITLE               = "Tabellen- und Zeilengröße in speicheroptimierten Tabellen",
    ORGANIZATION        = "Microsoft Corporation Inc.",
    EDITION             = "SQL Server 2014",
    URL                 = "https://msdn.microsoft.com/de-de/library/dn205318(v=sql.120).aspx",
    KEYWORDS            = "SQLServerAdmin"
}

@MANUAL{dn205319,
    TITLE               = "Anleitung zur Abfrageverarbeitung für speicheroptimierte Tabellen",
    ORGANIZATION        = "Microsoft Corporation Inc.",
    EDITION             = "SQL Server 2014",
    URL                 = "https://msdn.microsoft.com/de-de/library/dn205319(v=sql.120).aspx",
    KEYWORDS            = "SQLServerAdmin"
}

@MANUAL{dn249342,
    TITLE               = "Systeminterne Kompilierung von Tabellen und gespeicherten Prozeduren",
    ORGANIZATION        = "Microsoft Corporation Inc.",
    EDITION             = "SQL Server 2014",
    URL                 = "https://msdn.microsoft.com/de-de/library/dn249342(v=sql.120).aspx",
    KEYWORDS            = "SQLServerAdmin"
}

@MANUAL{dn269114,
    TITLE               = "Ändern von speicheroptimierten Tabellen",
    ORGANIZATION        = "Microsoft Corporation Inc.",
    EDITION             = "SQL Server 2014",
    URL                 = "https://msdn.microsoft.com/de-de/library/dn269114(v=sql.120).aspx",
    KEYWORDS            = "SQLServerAdmin"
}

@MANUAL{dn511014,
    TITLE               = "Einführung in speicheroptimierte Tabellen",
    ORGANIZATION        = "Microsoft Corporation Inc.",
    EDITION             = "SQL Server 2014",
    URL                 = "https://msdn.microsoft.com/de-de/library/dn511014(v=sql.120).aspx",
    KEYWORDS            = "SQLServerAdmin"
}

@MANUAL{ee617202,
    TITLE               = "Uninstall-ADServiceAccount",
    ORGANIZATION        = "Microsoft Corporation Inc.",
    EDITION             = "Windows Server 2012",
    URL                 = "https://technet.microsoft.com/library/ee617202.aspx",
    KEYWORDS            = "SQLServerAdmin"
}

@MANUAL{ee617210,
    TITLE               = "Add-ADGroupMember",
    ORGANIZATION        = "Microsoft Corporation Inc.",
    EDITION             = "Windows Server 2012",
    URL                 = "https://technet.microsoft.com/en-us/library/ee617210.aspx",
    KEYWORDS            = "WindowsAdmin"
}

@MANUAL{ee617223,
    TITLE               = "Install-ADServiceAccount",
    ORGANIZATION        = "Microsoft Corporation Inc.",
    EDITION             = "Windows Server 2012",
    URL                 = "https://technet.microsoft.com/de-de/library/ee617223.aspx",
    KEYWORDS            = "SQLServerAdmin"
}

@MANUAL{ee617258,
    TITLE               = "New-ADGroup",
    ORGANIZATION        = "Microsoft Corporation Inc.",
    EDITION             = "Windows Server 2012",
    URL                 = "https://technet.microsoft.com/en-us/library/ee617258.aspx",
    KEYWORDS            = "WindowsAdmin"
}

@MANUAL{ee677610,
    TITLE               = "CREATE SERVER ROLE (Transact-SQL)",
    ORGANIZATION        = "Microsoft Corporation Inc.",
    EDITION             = "SQL Server 2014",
    URL                 = "https://technet.microsoft.com/de-de/library/ee677610(v=sql.120).aspx",
    KEYWORDS            = "TSQLReference"
}

@MANUAL{ee677627,
    TITLE               = "Erstellen einer Serverrolle",
    ORGANIZATION        = "Microsoft Corporation Inc.",
    EDITION             = "SQL Server 2014",
    URL                 = "https://technet.microsoft.com/de-de/library/ee677627(v=sql.120).aspx",
    KEYWORDS            = "SQLServerAdmin"
}

@MANUAL{ee677643,
    TITLE               = "DROP SERVER ROLE (Transact-SQL)",
    ORGANIZATION        = "Microsoft Corporation Inc.",
    EDITION             = "SQL Server 2014",
    URL                 = "https://msdn.microsoft.com/de-de/library/ee677643(v=sql.120).aspx",
    KEYWORDS            = "TSQLReference"
}

@MANUAL{ff487261,
    TITLE               = "Herstellen einer Verbindung mit dem Datenbankmodul unter Verwendung von Erweiterter Schutz",
    ORGANIZATION        = "Microsoft Corporation Inc.",
    EDITION             = "SQL Server 2014",
    URL                 = "https://msdn.microsoft.com/de-de/library/ff487261(v=sql.120).aspx",
    KEYWORDS            = "SQLServerAdmin"
}

@MANUAL{ff929055,
    TITLE               = "Security Best Practices with Contained Databases",
    ORGANIZATION        = "Microsoft Corporation Inc.",
    EDITION             = "SQL Server 2014",
    URL                 = "https://msdn.microsoft.com/en-us/library/ff929055(v=sql.120).aspx",
    KEYWORDS            = "SQLServerAdmin"
}

@MANUAL{ff929071,
    TITLE               = "Eigenständige Datenbanken",
    ORGANIZATION        = "Microsoft Corporation Inc.",
    EDITION             = "SQL Server 2014",
    URL                 = "https://msdn.microsoft.com/de-de/library/ff929071(v=sql.120).aspx",
    KEYWORDS            = "SQLServerAdmin"
}

@MANUAL{ff929106,
    TITLE               = "sp\_kill\_filestream\_non\_transacted\_handles (Transact-SQL)",
    ORGANIZATION        = "Microsoft Corporation Inc.",
    EDITION             = "SQL Server 2014",
    URL                 = "https://msdn.microsoft.com/de-DE/library/ff929106(v=sql.120).aspx",
    KEYWORDS            = "TSQLReference"
}

@MANUAL{ff929139,
    TITLE               = "Migrate to a Partially Contained Database",
    ORGANIZATION        = "Microsoft Corporation Inc.",
    EDITION             = "SQL Server 2014",
    URL                 = "https://msdn.microsoft.com/en-us/library/ff929139(v=sql.120).aspx",
    KEYWORDS            = "TSQLReference"
}

@MANUAL{ff929168,
    TITLE               = "sys.dm\_filestream\_non\_transacted\_handles (Transact-SQL)",
    ORGANIZATION        = "Microsoft Corporation Inc.",
    EDITION             = "SQL Server 2014",
    URL                 = "https://msdn.microsoft.com/de-DE/library/ff929168(v=sql.120).aspx",
    KEYWORDS            = "TSQLReference"
}

@MANUAL{gg492084,
    TITLE               = "FileTable Schema",
    ORGANIZATION        = "Microsoft Corporation Inc.",
    EDITION             = "SQL Server 2014",
    URL                 = "https://msdn.microsoft.com/de-DE/library/gg492084(v=sql.120).aspx",
    KEYWORDS            = "SQLServerAdmin"
}

@MANUAL{gg492087,
    TITLE               = "Arbeiten mit Verzeichnissen und Pfaden in FileTables",
    ORGANIZATION        = "Microsoft Corporation Inc.",
    EDITION             = "SQL Server 2014",
    URL                 = "https://msdn.microsoft.com/de-DE/library/gg492087(v=sql.120).aspx",
    KEYWORDS            = "SQLServerAdmin"
}

@MANUAL{gg492088,
    TITLE               = "Beschreibung von Columnstore-Indizes",
    ORGANIZATION        = "Microsoft Corporation Inc.",
    EDITION             = "SQL Server 2014",
    URL                 = "https://msdn.microsoft.com/de-de/library/gg492088.aspx",
    KEYWORDS            = "SQLServerAdmin"
}

@MANUAL{gg509088,
    TITLE               = "Erstellen, Ändern und Löschen von FileTables",
    ORGANIZATION        = "Microsoft Corporation Inc.",
    EDITION             = "SQL Server 2014",
    URL                 = "https://msdn.microsoft.com/de-DE/library/gg509088(v=sql.120).aspx",
    KEYWORDS            = "SQLServerAdmin"
}

@MANUAL{gg509097,
    TITLE               = "Aktivieren der erforderlichen Komponenten für FileTable",
    ORGANIZATION        = "Microsoft Corporation Inc.",
    EDITION             = "SQL Server 2014",
    URL                 = "https://msdn.microsoft.com/de-DE/library/gg509097(v=sql.120).aspx",
    KEYWORDS            = "SQLServerAdmin"
}

@MANUAL{hh213609,
    TITLE               = "Heaps (Tabellen ohne gruppierte Indizes)",
    ORGANIZATION        = "Microsoft Corporation Inc.",
    EDITION             = "SQL Server 2014",
    URL                 = "https://msdn.microsoft.com/de-de/library/hh213609(v=sql.120).aspx",
    KEYWORDS            = "SQLServerAdmin"
}

@MANUAL{hh479588,
    TITLE               = "SSIS-Katalog",
    ORGANIZATION        = "Microsoft Corporation Inc.",
    EDITION             = "SQL Server 2014",
    URL                 = "https://msdn.microsoft.com/de-de/library/hh479588(v=sql.120).aspx",
    KEYWORDS            = "SQLServerAdmin"
}

@MANUAL{hh534404,
    TITLE               = "SQL Server 2012: Sometimes Partial Is Preferable",
    ORGANIZATION        = "Microsoft Corporation Inc.",
    EDITION             = "SQL Server 2012",
    URL                 = "https://technet.microsoft.com/en-us/library/hh534404.aspx",
    KEYWORDS            = "SQLServerAdmin"
}

@MANUAL{hh852236,
    TITLE               = "New-ADServiceAccount",
    ORGANIZATION        = "Microsoft Corporation Inc.",
    EDITION             = "Windows Server 2012 / Windows 8",
    URL                 = "https://technet.microsoft.com/en-us/library/hh852236(v=wps.620).aspx",
    KEYWORDS            = "WindowsAdmin"
}

@MANUAL{jj128430,
    TITLE               = "Create the Key Distribution Services KDS Root Key",
    ORGANIZATION        = "Microsoft Corporation Inc.",
    EDITION             = "Windows Server 2012",
    URL                 = "https://technet.microsoft.com/en-us/library/jj128430.aspx",
    KEYWORDS            = "WindowsAdmin"
}

@MANUAL{jj128431,
    TITLE               = "Erste Schritte mit gruppenverwalteten Dienstkonten",
    ORGANIZATION        = "Microsoft Corporation Inc.",
    EDITION             = "Windows Server 2012",
    URL                 = "https://technet.microsoft.com/de-de/library/jj128431.aspx#BKMK_RemoveGMSA",
    KEYWORDS            = "WindowsAdmin"
}

@MANUAL{jj835095,
    TITLE               = "Handbuch zum SQL Server Indexentwurf",
    ORGANIZATION        = "Microsoft Corporation Inc.",
    EDITION             = "SQL Server 2014",
    URL                 = "https://msdn.microsoft.com/de-de/library/jj835095(v=sql.120).aspx#Clustered",
    KEYWORDS            = "SQLServerAdmin"
}

@MANUAL{kb968389,
    TITLE               = "Erweiterter Schutz für die Authentifizierung",
    ORGANIZATION        = "Microsoft Corporation Inc.",
    EDITION             = "Windows Server 2014",
    URL                 = "https://support.microsoft.com/de-de/kb/968389",
    KEYWORDS            = "SQLServerAdmin"
}

@MANUAL{defsafdr2,
    TITLE               = "Database Engine Fixed Server and Fixed Database Roles",
    ORGANIZATION        = "Rick Byham, Microsoft",
    EDITION             = "SQL Server 2014",
    URL                 = "http://social.technet.microsoft.com/wiki/contents/articles/2024.database-engine-fixed-server-and-fixed-database-roles.aspx",
    KEYWORDS            = "SQLServerAdmin"
}

@ONLINE{KLTTLVtomotf,
    BOOKTITLE           = "Transaction Log VLFs - too many or too few?",
    SUBTITLE            = "SQLskills Kimberly L. Tripp",
    CHAPTER             = "",
    URL                 = "http://www.sqlskills.com/blogs/kimberly/transaction-log-vlfs-too-many-or-too-few/",
    EDITION             = "SQL Server 2014",
    KEYWORDS            = "Transaction Log, VLF, many, few, calculation"
}

@ONLINE{KLTTLIctVcaiSS,
    BOOKTITLE           = "Important change to VLF creation algorithm in SQL Server 2014",
    SUBTITLE            = "SQLskills Kimberly L. Tripp",
    CHAPTER             = "",
    URL                 = "http://www.sqlskills.com/blogs/paul/important-change-vlf-creation-algorithm-sql-server-2014/",
    EDITION             = "SQL Server 2014",
    KEYWORDS            = "Transaction Log, VLF, creation, algorithm, 2014"
}

@ONLINE{PSRSsIVsnadlfs,
    BOOKTITLE           = "Initial VLF sequence numbers and default log file size",
    SUBTITLE            = "SQLskills Paul S. Randal",
    CHAPTER             = "",
    URL                 = "http://www.sqlskills.com/blogs/paul/initial-vlf-sequence-numbers-and-default-log-file-size/",
    EDITION             = "SQL Server 2014",
    KEYWORDS            = "Transaction Log, default, size"
}

@ONLINE{MirDimSSTLP1LSaWALA,
    BOOKTITLE           = "SQL Server Transaction Log – Part 1 – Log Structure and Write-Ahead Logging (WAL) Algorithm",
    SUBTITLE            = "SQLShack",
    CHAPTER             = "",
    URL                 = "http://www.sqlshack.com/sql-server-transaction-log-part-1-log-structure-write-ahead-logging-wal-algorithm/",
    EDITION             = "SQL Server 2014",
    KEYWORDS            = "Transaction Log, Log Block"
}

@MANUAL{askpfeplat20121217,
    TITLE               = "Windows Server 2012: Group Managed Service Accounts",
    ORGANIZATION        = "Doug Symalla",
    EDITION             = "Windows Server 2012",
    URL                 = "http://blogs.technet.com/b/askpfeplat/archive/2012/12/17/windows-server-2012-group-managed-service-accounts.aspx",
    KEYWORDS            = "WindowsAdmin"
}

@MANUAL{AGDLP,
    TITLE               = "AGDLP",
    ORGANIZATION        = "Wikipedia - The Free Encyclopedia",
    EDITION             = "Windows Server 2000 und aufwärts",
    URL                 = "http://en.wikipedia.org/wiki/AGDLP",
    KEYWORDS            = "WindowsAdmin"
}

@MANUAL{sqlosteam20140219,
    TITLE               = "MSA accounts used with SQL",
    ORGANIZATION        = "G. Bowerman",
    EDITION             = "SQL Server 2012",
    URL                 = "http://blogs.msdn.com/b/sqlosteam/archive/2014/02/19/msa-accounts-used-with-sql.aspx",
    KEYWORDS            = "SQLServerAdmin"
}

@MANUAL{vafduw78as2008r2,
    TITLE               = "Virtual Accounts für Dienste unter Windows 7/8 und ab Server 2008 R2",
    ORGANIZATION        = "Wolfgang Sommergut",
    EDITION             = "Windows Server 2008 R2, Windows 7/8",
    URL                 = "http://www.windowspro.de/tipp/virtual-accounts-fuer-dienste-unter-windows-78-ab-server-2008-r2",
    KEYWORDS            = "WindowsServerAdmin"
}

@MANUAL{msavvaiws2008r2,
    TITLE               = "Managed Service Accounts (MSAs) Versus Virtual Accounts in Windows Server 2008 R2",
    ORGANIZATION        = "Active Directory UA Docs",
    EDITION             = "Windows Server 2008 R2",
    URL                 = "http://social.technet.microsoft.com/wiki/contents/articles/391.managed-service-accounts-msas-versus-virtual-accounts-in-windows-server-2008-r2.aspx",
    KEYWORDS            = "WindowsServerAdmin"
}

@MANUAL{qzaidi20101012,
    TITLE               = "qUICKLY Explained: Service Principal Name: Registration, Duplication",
    ORGANIZATION        = "Quasim Zaidi",
    EDITION             = " ",
    URL                 = "http://blogs.technet.com/b/qzaidi/archive/2010/10/12/quickly-explained-service-principal-name-registration-duplication.aspx",
    KEYWORDS            = "WindowsServerAdmin"
}

@MANUAL{stovfl909155,
    TITLE               = "Stackoverflow - Equivalent of Oracle's RowID in SQL Server",
    ORGANIZATION        = "John Saunders on Stackoverflow",
    EDITION             = " ",
    URL                 = "http://stackoverflow.com/questions/909155/equivalent-of-oracles-rowid-in-sql-server",
    KEYWORDS            = "SQLServerAdmin"
}

@MANUAL{sqlityTIAMLSWwt,
    TITLE               = "sqlity.net - The Index Allocation Map (IAM)",
    ORGANIZATION        = "sqlity.net",
    EDITION             = " ",
    URL                 = "http://sqlity.net/en/2315/index-allocation-map/",
    KEYWORDS            = "SQLServerAdmin"
}

@MANUAL{DynLinLib,
    TITLE               = "Dynamic Link Library",
    ORGANIZATION        = "Wikipedia",
    EDITION             = " ",
    URL                 = "https://de.wikipedia.org/wiki/Dynamic_Link_Library",
    KEYWORDS            = "SQLServerAdmin"
}

@MANUAL{KleKonSS2IMOAid,
    TITLE               = "SQL Server 2014 In-Memory OLTP: Ab in den Speicher!",
    ORGANIZATION        = "Informatik Aktuell - Klemens Konopasek",
    EDITION             = "28. Januar 2015",
    URL                 = "http://www.informatik-aktuell.de/betrieb/datenbanken/sql-server-2014-in-memory-oltp.html",
    KEYWORDS            = "SQLServerAdmin"
}

@MANUAL{gc20110407msdvdo,
    TITLE               = "MS SQL: dbo versus db\_owner",
    ORGANIZATION        = "GOVARDHAN GUNNALA",
    EDITION             = "07. April 2011",
    URL                 = "http://www.gunnalag.com/2011/04/07/ms-sql-dbo-versus-db_owner/",
    KEYWORDS            = "SQLServerAdmin"
}

@MANUAL{mssRSSiutOo,
    TITLE               = "Rebuilding SQL Server indexes using the ONLINE option",
    ORGANIZATION        = "MSSQL Tips - Ben Snaidero",
    EDITION             = "31. Januar 2012",
    URL                 = "https://www.mssqltips.com/sqlservertip/2361/rebuilding-sql-server-indexes-using-the-online-option/",
    KEYWORDS            = "SQLServerAdmin"
}

@MANUAL{utilcDSmdIs,
    TITLE               = "Der Suchbaum (B-Tree) macht den Index schnell",
    ORGANIZATION        = "Use The Index, Luke - A guide to database performance for developers",
    EDITION             = "22. März 2012",
    URL                 = "http://use-the-index-luke.com/de/sql/anatomie/index-baum#sb-log",
    KEYWORDS            = "SQLServerAdmin"
}

@MANUAL{utilUDPaC,
    TITLE               = "Unsinnige Defaults: Primärschlüssel als Clusterschlüssel",
    ORGANIZATION        = "Use The Index, Luke - A guide to database performance for developers",
    EDITION             = "17. Januar 2014",
    URL                 = "http://use-the-index-luke.com/de/blog/2014-01/unsinnige-defaults-primaerschluessel-als-clusterschluessel",
    KEYWORDS            = "SQLServerAdmin"
}

@MANUAL{llobelwp20101212ss2fp2o4,
    TITLE               = "SQL Server 2008 FILESTREAM Part 2 of 3: Enabling and Using FILESTREAM",
    ORGANIZATION        = "Lenni Lobel on SQL Server and .NET Development",
    EDITION             = "01. Oktober 2011",
    URL                 = "https://lennilobel.wordpress.com/2010/12/12/sql-server-2008-filestream-part-2-of-3-enabling-and-using-filestream-2/",
    KEYWORDS            = "SQLServerAdmin"
}

@MANUAL{tallan20120101iafsiad,
    TITLE               = "It’s a File System… It’s a Database Table… It’s SQL Server Denali FileTable!",
    ORGANIZATION        = "Lenni Lobel on Tallan's Technology Blog",
    EDITION             = "01. Januar 2012",
    URL                 = "https://blog.tallan.com/2012/01/01/its-a-file-system-its-a-database-table-its-sql-server-denali-filetable/",
    KEYWORDS            = "SQLServerAdmin"
}

@MANUAL{sqlarticlesagwwf,
    TITLE               = "Working with Filetables",
    ORGANIZATION        = "VIDHYASAGAR on SQL-Articles",
    EDITION             = "15. August 2012",
    URL                 = "http://sql-articles.com/articles/general/working-with-filetables/",
    KEYWORDS            = "SQLServerAdmin"
}

@MANUAL{sslshopwiaccsr,
    TITLE               = "What is a CSR (Certificate Signing Request)?",
    ORGANIZATION        = "SSLShopper - SSL Comparison",
    EDITION             = "",
    URL                 = "https://www.sslshopper.com/what-is-a-csr-certificate-signing-request.html",
    KEYWORDS            = "SQLServerAdmin"
}

@MANUAL{wikipTicketGrantingTicket,
    TITLE               = "Ticket Granting Ticket",
    ORGANIZATION        = "Wikipedia - Die freie Enzyklopädie",
    EDITION             = "Deutsch",
    URL                 = "https://de.wikipedia.org/wiki/Ticket_Granting_Ticket",
    KEYWORDS            = "SQLServerAdmin"
}

@MANUAL{btmcm210tsnilwutrs,
    TITLE               = "The SQL Network Interface library was unable to register SPN",
    ORGANIZATION        = "Degremont Michel on blogs.technet.microsoft.com",
    EDITION             = "November 8, 2009",
    URL                 = "https://blogs.technet.microsoft.com/mdegre/2009/11/08/the-sql-network-interface-library-was-unable-to-register-spn/",
    KEYWORDS            = "SQLServerAdmin"
}

@MANUAL{mswcttssnilcnrtspns,
    TITLE               = "The SQL Server Network Interface library could not register the Service Principal Name (SPN)",
    ORGANIZATION        = "Karthick P.K on mssqlwiki.com",
    EDITION             = "Dezember 9, 2013",
    URL                 = "https://mssqlwiki.com/tag/the-sql-server-network-interface-library-could-not-register-the-service-principal-name-spn/",
    KEYWORDS            = "SQLServerAdmin"
}

@MANUAL{mssqltips1714,
    TITLE               = "Server level permissions for SQL Server 2005 and SQL Server 2008",
    ORGANIZATION        = "K. Brian Kelley",
    EDITION             = "3/24/2009",
    URL                 = "https://www.mssqltips.com/sqlservertip/1714/server-level-permissions-for-sql-server-2005-and-sql-server-2008/",
    KEYWORDS            = "SQLServerAdmin"
}

@MANUAL{practdbacocsp,
    TITLE               = "Caveats of a CONTROL SERVER permission",
    ORGANIZATION        = "Nelson John",
    EDITION             = "Thursday, 29 March 2012",
    URL                 = "http://www.practicalsqldba.com/2012/03/caveats-of-control-server-permission.html",
    KEYWORDS            = "SQLServerAdmin"
}

@MANUAL{somarskoggranperm,
    TITLE               = "Giving Permissions through Stored Procedures",
    ORGANIZATION        = "Erland Sommarskog, SQL Server MVP",
    EDITION             = "31.12.2011",
    URL                 = "http://www.sommarskog.se/grantperm.html",
    KEYWORDS            = "SQLServerAdmin"
}

@MANUAL{bmmcspb202ss2pcdp1,
    TITLE               = "SQL Server 2012 Partially Contained Databases Part 1 – Contained Logins",
    ORGANIZATION        = "Lisa Gardner – SQL Premier Field Engineer",
    EDITION             = "February 26, 2013",
    URL                 = "https://blogs.msdn.microsoft.com/sql_pfe_blog/2013/02/26/sql-server-2012-partially-contained-databases-part-1-contained-logins/",
    KEYWORDS            = "SQLServerAdmin"
}

@MANUAL{bmmcspb202ss2pcdp2,
    TITLE               = "SQL Server 2012 Partially Contained Databases Part 2 – Collation",
    ORGANIZATION        = "Lisa Gardner – SQL Premier Field Engineer",
    EDITION             = "February 26, 2013",
    URL                 = "https://blogs.msdn.microsoft.com/sql_pfe_blog/2013/02/26/sql-server-2012-partially-contained-databases-part-2-collation/",
    KEYWORDS            = "SQLServerAdmin"
}

@BOOK{isbn9780735658561,
    AUTHOR              = "K. Delaney and B. Beauchemin and C. Cunningham and J. Kehayias and B. Nevarez and P. Randal",
    TITLE               = "Microsoft SQL Server 2012 Internals",
    PUBLISHER           = "O'Reilly Media Inc.",
    YEAR                = "2013",
    ADDRESS             = "1005 Gravenstein Highway North Sebastopol California 95472",
    KEYWORDS            = "SQLServerAdmin"
}
</bibtex>